%YAML 1.1
%TAG !u! tag:unity3d.com,2011:
--- !u!1 &4041316940184088
GameObject:
  m_ObjectHideFlags: 0
  m_CorrespondingSourceObject: {fileID: 0}
  m_PrefabInstance: {fileID: 0}
  m_PrefabAsset: {fileID: 0}
  serializedVersion: 6
  m_Component:
  - component: {fileID: 3940413932444044308}
  m_Layer: 14
  m_Name: mixamorig:Head
  m_TagString: Untagged
  m_Icon: {fileID: 0}
  m_NavMeshLayer: 0
  m_StaticEditorFlags: 0
  m_IsActive: 1
--- !u!4 &3940413932444044308
Transform:
  m_ObjectHideFlags: 0
  m_CorrespondingSourceObject: {fileID: 0}
  m_PrefabInstance: {fileID: 0}
  m_PrefabAsset: {fileID: 0}
  m_GameObject: {fileID: 4041316940184088}
  m_LocalRotation: {x: -0.05446897, y: -0.17692325, z: 0.012970552, w: 0.98263067}
  m_LocalPosition: {x: -0, y: 0.06709833, z: -0.0001423287}
  m_LocalScale: {x: 1, y: 1, z: 1}
  m_Children:
  - {fileID: 2303141228118067450}
  m_Father: {fileID: 4406059363947734382}
  m_RootOrder: 0
  m_LocalEulerAnglesHint: {x: 0, y: 0, z: 0}
--- !u!1 &106212040670272732
GameObject:
  m_ObjectHideFlags: 0
  m_CorrespondingSourceObject: {fileID: 0}
  m_PrefabInstance: {fileID: 0}
  m_PrefabAsset: {fileID: 0}
  serializedVersion: 6
  m_Component:
  - component: {fileID: 5160351028632410278}
  m_Layer: 14
  m_Name: mixamorig:LeftHandThumb2
  m_TagString: Untagged
  m_Icon: {fileID: 0}
  m_NavMeshLayer: 0
  m_StaticEditorFlags: 0
  m_IsActive: 1
--- !u!4 &5160351028632410278
Transform:
  m_ObjectHideFlags: 0
  m_CorrespondingSourceObject: {fileID: 0}
  m_PrefabInstance: {fileID: 0}
  m_PrefabAsset: {fileID: 0}
  m_GameObject: {fileID: 106212040670272732}
  m_LocalRotation: {x: -0.001288145, y: 0.0012205547, z: 0.25741708, w: 0.96629876}
  m_LocalPosition: {x: -0.0083472775, y: 0.025897676, z: 2.2585066e-11}
  m_LocalScale: {x: 1, y: 1, z: 1}
  m_Children:
  - {fileID: 7572826742686033098}
  m_Father: {fileID: 2397940813195031850}
  m_RootOrder: 0
  m_LocalEulerAnglesHint: {x: 0, y: 0, z: 0}
--- !u!1 &313071371149622728
GameObject:
  m_ObjectHideFlags: 0
  m_CorrespondingSourceObject: {fileID: 0}
  m_PrefabInstance: {fileID: 0}
  m_PrefabAsset: {fileID: 0}
  serializedVersion: 6
  m_Component:
  - component: {fileID: 5175079827878045517}
  m_Layer: 14
  m_Name: mixamorig:LeftFoot
  m_TagString: Untagged
  m_Icon: {fileID: 0}
  m_NavMeshLayer: 0
  m_StaticEditorFlags: 0
  m_IsActive: 1
--- !u!4 &5175079827878045517
Transform:
  m_ObjectHideFlags: 0
  m_CorrespondingSourceObject: {fileID: 0}
  m_PrefabInstance: {fileID: 0}
  m_PrefabAsset: {fileID: 0}
  m_GameObject: {fileID: 313071371149622728}
  m_LocalRotation: {x: 0.66562796, y: 0.12578656, z: -0.028520865, w: 0.73505366}
  m_LocalPosition: {x: 8.4526566e-11, y: 0.2076777, z: 0.0000000012877268}
  m_LocalScale: {x: 1, y: 1, z: 1}
  m_Children:
  - {fileID: 4523196407673686482}
  m_Father: {fileID: 321902469899296673}
  m_RootOrder: 0
  m_LocalEulerAnglesHint: {x: 0, y: 0, z: 0}
--- !u!1 &584537560414213215
GameObject:
  m_ObjectHideFlags: 0
  m_CorrespondingSourceObject: {fileID: 0}
  m_PrefabInstance: {fileID: 0}
  m_PrefabAsset: {fileID: 0}
  serializedVersion: 6
  m_Component:
  - component: {fileID: 643286890098249590}
  m_Layer: 14
  m_Name: mixamorig:RightToe_End
  m_TagString: Untagged
  m_Icon: {fileID: 0}
  m_NavMeshLayer: 0
  m_StaticEditorFlags: 0
  m_IsActive: 1
--- !u!4 &643286890098249590
Transform:
  m_ObjectHideFlags: 0
  m_CorrespondingSourceObject: {fileID: 0}
  m_PrefabInstance: {fileID: 0}
  m_PrefabAsset: {fileID: 0}
  m_GameObject: {fileID: 584537560414213215}
  m_LocalRotation: {x: 0, y: -0, z: -0, w: 1}
  m_LocalPosition: {x: -1.1705748e-11, y: 0.04327824, z: -3.2950632e-12}
  m_LocalScale: {x: 1, y: 1, z: 1}
  m_Children: []
  m_Father: {fileID: 5706271478334926804}
  m_RootOrder: 0
  m_LocalEulerAnglesHint: {x: 0, y: 0, z: 0}
--- !u!1 &609663037859095011
GameObject:
  m_ObjectHideFlags: 0
  m_CorrespondingSourceObject: {fileID: 0}
  m_PrefabInstance: {fileID: 0}
  m_PrefabAsset: {fileID: 0}
  serializedVersion: 6
  m_Component:
  - component: {fileID: 1802380448166779507}
  - component: {fileID: 369259976635229336}
  - component: {fileID: 8311232704662863192}
  - component: {fileID: 3306393468721379784}
  - component: {fileID: 5715072033393086444}
  m_Layer: 14
  m_Name: DeathZone
  m_TagString: Untagged
  m_Icon: {fileID: 0}
  m_NavMeshLayer: 0
  m_StaticEditorFlags: 0
  m_IsActive: 1
--- !u!4 &1802380448166779507
Transform:
  m_ObjectHideFlags: 0
  m_CorrespondingSourceObject: {fileID: 0}
  m_PrefabInstance: {fileID: 0}
  m_PrefabAsset: {fileID: 0}
  m_GameObject: {fileID: 609663037859095011}
  m_LocalRotation: {x: 0, y: 0, z: 0, w: 1}
  m_LocalPosition: {x: 0, y: -0.00000023842, z: -4.51}
  m_LocalScale: {x: 14.044476, y: 5.2013, z: 1.8325}
  m_Children: []
  m_Father: {fileID: 6972622734393532055}
  m_RootOrder: 5
  m_LocalEulerAnglesHint: {x: 0, y: 0, z: 0}
--- !u!33 &369259976635229336
MeshFilter:
  m_ObjectHideFlags: 0
  m_CorrespondingSourceObject: {fileID: 0}
  m_PrefabInstance: {fileID: 0}
  m_PrefabAsset: {fileID: 0}
  m_GameObject: {fileID: 609663037859095011}
  m_Mesh: {fileID: 10202, guid: 0000000000000000e000000000000000, type: 0}
--- !u!23 &8311232704662863192
MeshRenderer:
  m_ObjectHideFlags: 0
  m_CorrespondingSourceObject: {fileID: 0}
  m_PrefabInstance: {fileID: 0}
  m_PrefabAsset: {fileID: 0}
  m_GameObject: {fileID: 609663037859095011}
  m_Enabled: 0
  m_CastShadows: 1
  m_ReceiveShadows: 1
  m_DynamicOccludee: 1
  m_MotionVectors: 1
  m_LightProbeUsage: 1
  m_ReflectionProbeUsage: 1
  m_RayTracingMode: 2
  m_RayTraceProcedural: 0
  m_RenderingLayerMask: 1
  m_RendererPriority: 0
  m_Materials:
  - {fileID: 10303, guid: 0000000000000000f000000000000000, type: 0}
  m_StaticBatchInfo:
    firstSubMesh: 0
    subMeshCount: 0
  m_StaticBatchRoot: {fileID: 0}
  m_ProbeAnchor: {fileID: 0}
  m_LightProbeVolumeOverride: {fileID: 0}
  m_ScaleInLightmap: 1
  m_ReceiveGI: 1
  m_PreserveUVs: 0
  m_IgnoreNormalsForChartDetection: 0
  m_ImportantGI: 0
  m_StitchLightmapSeams: 1
  m_SelectedEditorRenderState: 3
  m_MinimumChartSize: 4
  m_AutoUVMaxDistance: 0.5
  m_AutoUVMaxAngle: 89
  m_LightmapParameters: {fileID: 0}
  m_SortingLayerID: 0
  m_SortingLayer: 0
  m_SortingOrder: 0
  m_AdditionalVertexStreams: {fileID: 0}
--- !u!65 &3306393468721379784
BoxCollider:
  m_ObjectHideFlags: 0
  m_CorrespondingSourceObject: {fileID: 0}
  m_PrefabInstance: {fileID: 0}
  m_PrefabAsset: {fileID: 0}
  m_GameObject: {fileID: 609663037859095011}
  m_Material: {fileID: 0}
  m_IsTrigger: 1
  m_Enabled: 1
  serializedVersion: 2
  m_Size: {x: 1, y: 1, z: 1}
  m_Center: {x: 0, y: 0, z: 0}
--- !u!114 &5715072033393086444
MonoBehaviour:
  m_ObjectHideFlags: 0
  m_CorrespondingSourceObject: {fileID: 0}
  m_PrefabInstance: {fileID: 0}
  m_PrefabAsset: {fileID: 0}
  m_GameObject: {fileID: 609663037859095011}
  m_Enabled: 1
  m_EditorHideFlags: 0
  m_Script: {fileID: 11500000, guid: 0c1736f937728ae46a8724319f71d88b, type: 3}
  m_Name: 
  m_EditorClassIdentifier: 
--- !u!1 &910771309189102737
GameObject:
  m_ObjectHideFlags: 0
  m_CorrespondingSourceObject: {fileID: 0}
  m_PrefabInstance: {fileID: 0}
  m_PrefabAsset: {fileID: 0}
  serializedVersion: 6
  m_Component:
  - component: {fileID: 2397940813195031850}
  m_Layer: 14
  m_Name: mixamorig:LeftHandThumb1
  m_TagString: Untagged
  m_Icon: {fileID: 0}
  m_NavMeshLayer: 0
  m_StaticEditorFlags: 0
  m_IsActive: 1
--- !u!4 &2397940813195031850
Transform:
  m_ObjectHideFlags: 0
  m_CorrespondingSourceObject: {fileID: 0}
  m_PrefabInstance: {fileID: 0}
  m_PrefabAsset: {fileID: 0}
  m_GameObject: {fileID: 910771309189102737}
  m_LocalRotation: {x: 0.2258908, y: -0.051300608, z: 0.11515777, w: 0.96596086}
  m_LocalPosition: {x: 0.008673428, y: 0.032887552, z: 0.000000005577604}
  m_LocalScale: {x: 1, y: 1, z: 1}
  m_Children:
  - {fileID: 5160351028632410278}
  m_Father: {fileID: 4428558809157938367}
  m_RootOrder: 1
  m_LocalEulerAnglesHint: {x: 0, y: 0, z: 0}
--- !u!1 &1086785815112233277
GameObject:
  m_ObjectHideFlags: 0
  m_CorrespondingSourceObject: {fileID: 0}
  m_PrefabInstance: {fileID: 0}
  m_PrefabAsset: {fileID: 0}
  serializedVersion: 6
  m_Component:
  - component: {fileID: 6868152890510560260}
  m_Layer: 14
  m_Name: mixamorig:LeftToe_End
  m_TagString: Untagged
  m_Icon: {fileID: 0}
  m_NavMeshLayer: 0
  m_StaticEditorFlags: 0
  m_IsActive: 1
--- !u!4 &6868152890510560260
Transform:
  m_ObjectHideFlags: 0
  m_CorrespondingSourceObject: {fileID: 0}
  m_PrefabInstance: {fileID: 0}
  m_PrefabAsset: {fileID: 0}
  m_GameObject: {fileID: 1086785815112233277}
  m_LocalRotation: {x: 0, y: -0, z: -0, w: 1}
  m_LocalPosition: {x: -4.9888227e-10, y: 0.04305688, z: -2.5471571e-12}
  m_LocalScale: {x: 1, y: 1, z: 1}
  m_Children: []
  m_Father: {fileID: 4523196407673686482}
  m_RootOrder: 0
  m_LocalEulerAnglesHint: {x: 0, y: 0, z: 0}
--- !u!1 &1358743794294698479
GameObject:
  m_ObjectHideFlags: 0
  m_CorrespondingSourceObject: {fileID: 0}
  m_PrefabInstance: {fileID: 0}
  m_PrefabAsset: {fileID: 0}
  serializedVersion: 6
  m_Component:
  - component: {fileID: 8014212131942113024}
  m_Layer: 14
  m_Name: mixamorig:RightFoot
  m_TagString: Untagged
  m_Icon: {fileID: 0}
  m_NavMeshLayer: 0
  m_StaticEditorFlags: 0
  m_IsActive: 1
--- !u!4 &8014212131942113024
Transform:
  m_ObjectHideFlags: 0
  m_CorrespondingSourceObject: {fileID: 0}
  m_PrefabInstance: {fileID: 0}
  m_PrefabAsset: {fileID: 0}
  m_GameObject: {fileID: 1358743794294698479}
  m_LocalRotation: {x: 0.7489406, y: -0.19303611, z: -0.06757328, w: 0.6302849}
  m_LocalPosition: {x: -2.8707675e-11, y: 0.20759594, z: 7.3524964e-10}
  m_LocalScale: {x: 1, y: 1, z: 1}
  m_Children:
  - {fileID: 5706271478334926804}
  m_Father: {fileID: 3119826696313616294}
  m_RootOrder: 0
  m_LocalEulerAnglesHint: {x: 0, y: 0, z: 0}
--- !u!1 &1901296915406738811
GameObject:
  m_ObjectHideFlags: 0
  m_CorrespondingSourceObject: {fileID: 0}
  m_PrefabInstance: {fileID: 0}
  m_PrefabAsset: {fileID: 0}
  serializedVersion: 6
  m_Component:
  - component: {fileID: 8639782081834998136}
  m_Layer: 14
  m_Name: mixamorig:Spine1
  m_TagString: Untagged
  m_Icon: {fileID: 0}
  m_NavMeshLayer: 0
  m_StaticEditorFlags: 0
  m_IsActive: 1
--- !u!4 &8639782081834998136
Transform:
  m_ObjectHideFlags: 0
  m_CorrespondingSourceObject: {fileID: 0}
  m_PrefabInstance: {fileID: 0}
  m_PrefabAsset: {fileID: 0}
  m_GameObject: {fileID: 1901296915406738811}
  m_LocalRotation: {x: 0.100634485, y: -0.08101313, z: 0.018569902, w: 0.9914458}
  m_LocalPosition: {x: -0, y: 0.079887174, z: 3.563761e-13}
  m_LocalScale: {x: 1, y: 1, z: 1}
  m_Children:
  - {fileID: 7088076966066645267}
  m_Father: {fileID: 2952972073591557520}
  m_RootOrder: 0
  m_LocalEulerAnglesHint: {x: 0, y: 0, z: 0}
--- !u!1 &1948902872018757624
GameObject:
  m_ObjectHideFlags: 0
  m_CorrespondingSourceObject: {fileID: 0}
  m_PrefabInstance: {fileID: 0}
  m_PrefabAsset: {fileID: 0}
  serializedVersion: 6
  m_Component:
  - component: {fileID: 1487090422050111969}
  m_Layer: 14
  m_Name: mixamorig:RightHandThumb2
  m_TagString: Untagged
  m_Icon: {fileID: 0}
  m_NavMeshLayer: 0
  m_StaticEditorFlags: 0
  m_IsActive: 1
--- !u!4 &1487090422050111969
Transform:
  m_ObjectHideFlags: 0
  m_CorrespondingSourceObject: {fileID: 0}
  m_PrefabInstance: {fileID: 0}
  m_PrefabAsset: {fileID: 0}
  m_GameObject: {fileID: 1948902872018757624}
  m_LocalRotation: {x: -0.17098029, y: -0.0011541495, z: -0.32084322, w: 0.93157077}
  m_LocalPosition: {x: 0.0075484407, y: 0.026861832, z: 5.245698e-10}
  m_LocalScale: {x: 1, y: 1, z: 1}
  m_Children:
  - {fileID: 8973199375067383910}
  m_Father: {fileID: 1329427370854428034}
  m_RootOrder: 0
  m_LocalEulerAnglesHint: {x: 0, y: 0, z: 0}
--- !u!1 &2071108344412227203
GameObject:
  m_ObjectHideFlags: 0
  m_CorrespondingSourceObject: {fileID: 0}
  m_PrefabInstance: {fileID: 0}
  m_PrefabAsset: {fileID: 0}
  serializedVersion: 6
  m_Component:
  - component: {fileID: 4961380173611781332}
  m_Layer: 14
  m_Name: mixamorig:RightForeArm
  m_TagString: Untagged
  m_Icon: {fileID: 0}
  m_NavMeshLayer: 0
  m_StaticEditorFlags: 0
  m_IsActive: 1
--- !u!4 &4961380173611781332
Transform:
  m_ObjectHideFlags: 0
  m_CorrespondingSourceObject: {fileID: 0}
  m_PrefabInstance: {fileID: 0}
  m_PrefabAsset: {fileID: 0}
  m_GameObject: {fileID: 2071108344412227203}
  m_LocalRotation: {x: 0.04370808, y: -0.029288463, z: 0.35966033, w: 0.9315988}
  m_LocalPosition: {x: 5.161317e-11, y: 0.15279497, z: 1.0839319e-11}
  m_LocalScale: {x: 1, y: 1, z: 1}
  m_Children:
  - {fileID: 9150380785704912564}
  m_Father: {fileID: 3750575852922496633}
  m_RootOrder: 0
  m_LocalEulerAnglesHint: {x: 0, y: 0, z: 0}
--- !u!1 &2095997107337121023
GameObject:
  m_ObjectHideFlags: 0
  m_CorrespondingSourceObject: {fileID: 0}
  m_PrefabInstance: {fileID: 0}
  m_PrefabAsset: {fileID: 0}
  serializedVersion: 6
  m_Component:
  - component: {fileID: 3968985100062747204}
  m_Layer: 14
  m_Name: mixamorig:LeftArm
  m_TagString: Untagged
  m_Icon: {fileID: 0}
  m_NavMeshLayer: 0
  m_StaticEditorFlags: 0
  m_IsActive: 1
--- !u!4 &3968985100062747204
Transform:
  m_ObjectHideFlags: 0
  m_CorrespondingSourceObject: {fileID: 0}
  m_PrefabInstance: {fileID: 0}
  m_PrefabAsset: {fileID: 0}
  m_GameObject: {fileID: 2095997107337121023}
  m_LocalRotation: {x: 0.3938964, y: 0.10764879, z: -0.06468194, w: 0.9105348}
  m_LocalPosition: {x: -3.3536344e-12, y: 0.0959004, z: 1.7573454e-10}
  m_LocalScale: {x: 1, y: 1, z: 1}
  m_Children:
  - {fileID: 116603727725037445}
  m_Father: {fileID: 5106883265148631432}
  m_RootOrder: 0
  m_LocalEulerAnglesHint: {x: 0, y: 0, z: 0}
--- !u!1 &2241368085576569939
GameObject:
  m_ObjectHideFlags: 0
  m_CorrespondingSourceObject: {fileID: 0}
  m_PrefabInstance: {fileID: 0}
  m_PrefabAsset: {fileID: 0}
  serializedVersion: 6
  m_Component:
  - component: {fileID: 949282024877708596}
  m_Layer: 14
  m_Name: mixamorig:LeftHandIndex2
  m_TagString: Untagged
  m_Icon: {fileID: 0}
  m_NavMeshLayer: 0
  m_StaticEditorFlags: 0
  m_IsActive: 1
--- !u!4 &949282024877708596
Transform:
  m_ObjectHideFlags: 0
  m_CorrespondingSourceObject: {fileID: 0}
  m_PrefabInstance: {fileID: 0}
  m_PrefabAsset: {fileID: 0}
  m_GameObject: {fileID: 2241368085576569939}
  m_LocalRotation: {x: 0.002359101, y: 0.0012812032, z: 0.14980534, w: 0.9887119}
  m_LocalPosition: {x: -0.00019431593, y: 0.04400882, z: 7.504929e-10}
  m_LocalScale: {x: 1, y: 1, z: 1}
  m_Children:
  - {fileID: 96297794482333511}
  m_Father: {fileID: 8448411130299675280}
  m_RootOrder: 0
  m_LocalEulerAnglesHint: {x: 0, y: 0, z: 0}
--- !u!1 &2587421070538170912
GameObject:
  m_ObjectHideFlags: 0
  m_CorrespondingSourceObject: {fileID: 0}
  m_PrefabInstance: {fileID: 0}
  m_PrefabAsset: {fileID: 0}
  serializedVersion: 6
  m_Component:
  - component: {fileID: 5751242161314662759}
  m_Layer: 14
  m_Name: mixamorig:LeftHandThumb4
  m_TagString: Untagged
  m_Icon: {fileID: 0}
  m_NavMeshLayer: 0
  m_StaticEditorFlags: 0
  m_IsActive: 1
--- !u!4 &5751242161314662759
Transform:
  m_ObjectHideFlags: 0
  m_CorrespondingSourceObject: {fileID: 0}
  m_PrefabInstance: {fileID: 0}
  m_PrefabAsset: {fileID: 0}
  m_GameObject: {fileID: 2587421070538170912}
  m_LocalRotation: {x: 0, y: -0, z: -0, w: 1}
  m_LocalPosition: {x: 0.0018811233, y: 0.02544917, z: -2.0253439e-10}
  m_LocalScale: {x: 1, y: 1, z: 1}
  m_Children: []
  m_Father: {fileID: 7572826742686033098}
  m_RootOrder: 0
  m_LocalEulerAnglesHint: {x: 0, y: 0, z: 0}
--- !u!1 &2636329900060693556
GameObject:
  m_ObjectHideFlags: 0
  m_CorrespondingSourceObject: {fileID: 0}
  m_PrefabInstance: {fileID: 0}
  m_PrefabAsset: {fileID: 0}
  serializedVersion: 6
  m_Component:
  - component: {fileID: 3119826696313616294}
  m_Layer: 14
  m_Name: mixamorig:RightLeg
  m_TagString: Untagged
  m_Icon: {fileID: 0}
  m_NavMeshLayer: 0
  m_StaticEditorFlags: 0
  m_IsActive: 1
--- !u!4 &3119826696313616294
Transform:
  m_ObjectHideFlags: 0
  m_CorrespondingSourceObject: {fileID: 0}
  m_PrefabInstance: {fileID: 0}
  m_PrefabAsset: {fileID: 0}
  m_GameObject: {fileID: 2636329900060693556}
  m_LocalRotation: {x: -0.37790427, y: -0.06620561, z: -0.0015046098, w: 0.9234733}
  m_LocalPosition: {x: 3.0298505e-10, y: 0.2508837, z: 1.11302814e-10}
  m_LocalScale: {x: 1, y: 1, z: 1}
  m_Children:
  - {fileID: 8014212131942113024}
  m_Father: {fileID: 1591592000278956348}
  m_RootOrder: 0
  m_LocalEulerAnglesHint: {x: 0, y: 0, z: 0}
--- !u!1 &2972127548557843250
GameObject:
  m_ObjectHideFlags: 0
  m_CorrespondingSourceObject: {fileID: 0}
  m_PrefabInstance: {fileID: 0}
  m_PrefabAsset: {fileID: 0}
  serializedVersion: 6
  m_Component:
  - component: {fileID: 5088779790048652303}
  - component: {fileID: 8601484037251845151}
  m_Layer: 14
  m_Name: Virtual Man
  m_TagString: Untagged
  m_Icon: {fileID: 0}
  m_NavMeshLayer: 0
  m_StaticEditorFlags: 0
  m_IsActive: 1
--- !u!4 &5088779790048652303
Transform:
  m_ObjectHideFlags: 0
  m_CorrespondingSourceObject: {fileID: 0}
  m_PrefabInstance: {fileID: 0}
  m_PrefabAsset: {fileID: 0}
  m_GameObject: {fileID: 2972127548557843250}
  m_LocalRotation: {x: -0.7071068, y: 0, z: -0, w: 0.7071068}
  m_LocalPosition: {x: 0.000014679336, y: 0.64336497, z: 0.0000038757325}
  m_LocalScale: {x: 1, y: 1, z: 1}
  m_Children: []
  m_Father: {fileID: 6972622734393532055}
  m_RootOrder: 1
  m_LocalEulerAnglesHint: {x: 0, y: 0, z: 0}
--- !u!137 &8601484037251845151
SkinnedMeshRenderer:
  m_ObjectHideFlags: 0
  m_CorrespondingSourceObject: {fileID: 0}
  m_PrefabInstance: {fileID: 0}
  m_PrefabAsset: {fileID: 0}
  m_GameObject: {fileID: 2972127548557843250}
  m_Enabled: 1
  m_CastShadows: 2
  m_ReceiveShadows: 1
  m_DynamicOccludee: 1
  m_MotionVectors: 1
  m_LightProbeUsage: 1
  m_ReflectionProbeUsage: 1
  m_RayTracingMode: 3
  m_RayTraceProcedural: 0
  m_RenderingLayerMask: 1
  m_RendererPriority: 0
  m_Materials:
  - {fileID: 2100000, guid: 3228108019ae24c40a840ad7af45f8e9, type: 2}
  m_StaticBatchInfo:
    firstSubMesh: 0
    subMeshCount: 0
  m_StaticBatchRoot: {fileID: 0}
  m_ProbeAnchor: {fileID: 0}
  m_LightProbeVolumeOverride: {fileID: 0}
  m_ScaleInLightmap: 1
  m_ReceiveGI: 1
  m_PreserveUVs: 0
  m_IgnoreNormalsForChartDetection: 0
  m_ImportantGI: 0
  m_StitchLightmapSeams: 1
  m_SelectedEditorRenderState: 3
  m_MinimumChartSize: 4
  m_AutoUVMaxDistance: 0.5
  m_AutoUVMaxAngle: 89
  m_LightmapParameters: {fileID: 0}
  m_SortingLayerID: 0
  m_SortingLayer: 0
  m_SortingOrder: 0
  serializedVersion: 2
  m_Quality: 0
  m_UpdateWhenOffscreen: 0
  m_SkinnedMotionVectors: 1
  m_Mesh: {fileID: 2843820074183182812, guid: d583d28a0108f0e4c895d798f679af27, type: 3}
  m_Bones:
  - {fileID: 3940413932444044308}
  - {fileID: 4406059363947734382}
  - {fileID: 7088076966066645267}
  - {fileID: 3212167847943388675}
  - {fileID: 2952972073591557520}
  - {fileID: 4957736394759833471}
  - {fileID: 1591592000278956348}
  - {fileID: 5106883265148631432}
  - {fileID: 3968985100062747204}
  - {fileID: 8639782081834998136}
  - {fileID: 116603727725037445}
  - {fileID: 4428558809157938367}
  - {fileID: 8448411130299675280}
  - {fileID: 949282024877708596}
  - {fileID: 5160351028632410278}
  - {fileID: 7572826742686033098}
  - {fileID: 96297794482333511}
  - {fileID: 2397940813195031850}
  - {fileID: 321902469899296673}
  - {fileID: 5175079827878045517}
  - {fileID: 4523196407673686482}
  - {fileID: 393412736114524385}
  - {fileID: 3750575852922496633}
  - {fileID: 4961380173611781332}
  - {fileID: 9150380785704912564}
  - {fileID: 1615767230035427290}
  - {fileID: 6099744925324345719}
  - {fileID: 2446718194770096702}
  - {fileID: 1487090422050111969}
  - {fileID: 8973199375067383910}
  - {fileID: 1329427370854428034}
  - {fileID: 3119826696313616294}
  - {fileID: 8014212131942113024}
  - {fileID: 5706271478334926804}
  m_BlendShapeWeights: []
  m_RootBone: {fileID: 3212167847943388675}
  m_AABB:
    m_Center: {x: -0.015982658, y: 0.12344912, z: 0.12180376}
    m_Extent: {x: 0.34072056, y: 0.67274463, z: 0.35048002}
  m_DirtyAABB: 0
--- !u!1 &2998313919305303969
GameObject:
  m_ObjectHideFlags: 0
  m_CorrespondingSourceObject: {fileID: 0}
  m_PrefabInstance: {fileID: 0}
  m_PrefabAsset: {fileID: 0}
  serializedVersion: 6
  m_Component:
  - component: {fileID: 7088076966066645267}
  m_Layer: 14
  m_Name: mixamorig:Spine2
  m_TagString: Untagged
  m_Icon: {fileID: 0}
  m_NavMeshLayer: 0
  m_StaticEditorFlags: 0
  m_IsActive: 1
--- !u!4 &7088076966066645267
Transform:
  m_ObjectHideFlags: 0
  m_CorrespondingSourceObject: {fileID: 0}
  m_PrefabInstance: {fileID: 0}
  m_PrefabAsset: {fileID: 0}
  m_GameObject: {fileID: 2998313919305303969}
  m_LocalRotation: {x: 0.10063444, y: -0.08101318, z: 0.018569892, w: 0.9914458}
  m_LocalPosition: {x: -0, y: 0.09129967, z: 6.0758977e-13}
  m_LocalScale: {x: 1, y: 1, z: 1}
  m_Children:
  - {fileID: 5106883265148631432}
  - {fileID: 4406059363947734382}
  - {fileID: 393412736114524385}
  m_Father: {fileID: 8639782081834998136}
  m_RootOrder: 0
  m_LocalEulerAnglesHint: {x: 0, y: 0, z: 0}
--- !u!1 &3174148972767128554
GameObject:
  m_ObjectHideFlags: 0
  m_CorrespondingSourceObject: {fileID: 0}
  m_PrefabInstance: {fileID: 0}
  m_PrefabAsset: {fileID: 0}
  serializedVersion: 6
  m_Component:
  - component: {fileID: 1329427370854428034}
  m_Layer: 14
  m_Name: mixamorig:RightHandThumb1
  m_TagString: Untagged
  m_Icon: {fileID: 0}
  m_NavMeshLayer: 0
  m_StaticEditorFlags: 0
  m_IsActive: 1
--- !u!4 &1329427370854428034
Transform:
  m_ObjectHideFlags: 0
  m_CorrespondingSourceObject: {fileID: 0}
  m_PrefabInstance: {fileID: 0}
  m_PrefabAsset: {fileID: 0}
  m_GameObject: {fileID: 3174148972767128554}
  m_LocalRotation: {x: 0.2875811, y: -0.07276683, z: 0.017678713, w: 0.9548244}
  m_LocalPosition: {x: -0.010499717, y: 0.033259958, z: -0.000000015123852}
  m_LocalScale: {x: 1, y: 1, z: 1}
  m_Children:
  - {fileID: 1487090422050111969}
  m_Father: {fileID: 9150380785704912564}
  m_RootOrder: 1
  m_LocalEulerAnglesHint: {x: 0, y: 0, z: 0}
--- !u!1 &3630962132534988279
GameObject:
  m_ObjectHideFlags: 0
  m_CorrespondingSourceObject: {fileID: 0}
  m_PrefabInstance: {fileID: 0}
  m_PrefabAsset: {fileID: 0}
  serializedVersion: 6
  m_Component:
  - component: {fileID: 1591592000278956348}
  m_Layer: 14
  m_Name: mixamorig:RightUpLeg
  m_TagString: Untagged
  m_Icon: {fileID: 0}
  m_NavMeshLayer: 0
  m_StaticEditorFlags: 0
  m_IsActive: 1
--- !u!4 &1591592000278956348
Transform:
  m_ObjectHideFlags: 0
  m_CorrespondingSourceObject: {fileID: 0}
  m_PrefabInstance: {fileID: 0}
  m_PrefabAsset: {fileID: 0}
  m_GameObject: {fileID: 3630962132534988279}
  m_LocalRotation: {x: 0.12278095, y: 0.03101826, z: 0.981411, w: -0.14420573}
  m_LocalPosition: {x: 0.055698786, y: -0.038062066, z: -0.008100445}
  m_LocalScale: {x: 1, y: 1, z: 1}
  m_Children:
  - {fileID: 3119826696313616294}
  m_Father: {fileID: 3212167847943388675}
  m_RootOrder: 1
  m_LocalEulerAnglesHint: {x: 0, y: 0, z: 0}
--- !u!1 &4670773002600823665
GameObject:
  m_ObjectHideFlags: 0
  m_CorrespondingSourceObject: {fileID: 0}
  m_PrefabInstance: {fileID: 0}
  m_PrefabAsset: {fileID: 0}
  serializedVersion: 6
  m_Component:
  - component: {fileID: 5106883265148631432}
  m_Layer: 14
  m_Name: mixamorig:LeftShoulder
  m_TagString: Untagged
  m_Icon: {fileID: 0}
  m_NavMeshLayer: 0
  m_StaticEditorFlags: 0
  m_IsActive: 1
--- !u!4 &5106883265148631432
Transform:
  m_ObjectHideFlags: 0
  m_CorrespondingSourceObject: {fileID: 0}
  m_PrefabInstance: {fileID: 0}
  m_PrefabAsset: {fileID: 0}
  m_GameObject: {fileID: 4670773002600823665}
  m_LocalRotation: {x: 0.60322124, y: -0.38673764, z: 0.58726335, w: 0.37640393}
  m_LocalPosition: {x: -0.045766357, y: 0.08833941, z: -0.000050496656}
  m_LocalScale: {x: 1, y: 1, z: 1}
  m_Children:
  - {fileID: 3968985100062747204}
  m_Father: {fileID: 7088076966066645267}
  m_RootOrder: 0
  m_LocalEulerAnglesHint: {x: 0, y: 0, z: 0}
--- !u!1 &4820720030282781821
GameObject:
  m_ObjectHideFlags: 0
  m_CorrespondingSourceObject: {fileID: 0}
  m_PrefabInstance: {fileID: 0}
  m_PrefabAsset: {fileID: 0}
  serializedVersion: 6
  m_Component:
  - component: {fileID: 9150380785704912564}
  m_Layer: 14
  m_Name: mixamorig:RightHand
  m_TagString: Untagged
  m_Icon: {fileID: 0}
  m_NavMeshLayer: 0
  m_StaticEditorFlags: 0
  m_IsActive: 1
--- !u!4 &9150380785704912564
Transform:
  m_ObjectHideFlags: 0
  m_CorrespondingSourceObject: {fileID: 0}
  m_PrefabInstance: {fileID: 0}
  m_PrefabAsset: {fileID: 0}
  m_GameObject: {fileID: 4820720030282781821}
  m_LocalRotation: {x: 0.13588439, y: -0.50748926, z: 0.017413652, w: 0.8506979}
  m_LocalPosition: {x: -1.3160307e-11, y: 0.15582997, z: -1.173485e-11}
  m_LocalScale: {x: 1, y: 1, z: 1}
  m_Children:
  - {fileID: 1615767230035427290}
  - {fileID: 1329427370854428034}
  m_Father: {fileID: 4961380173611781332}
  m_RootOrder: 0
  m_LocalEulerAnglesHint: {x: 0, y: 0, z: 0}
--- !u!1 &5529247910435001912
GameObject:
  m_ObjectHideFlags: 0
  m_CorrespondingSourceObject: {fileID: 0}
  m_PrefabInstance: {fileID: 0}
  m_PrefabAsset: {fileID: 0}
  serializedVersion: 6
  m_Component:
  - component: {fileID: 6099744925324345719}
  m_Layer: 14
  m_Name: mixamorig:RightHandIndex2
  m_TagString: Untagged
  m_Icon: {fileID: 0}
  m_NavMeshLayer: 0
  m_StaticEditorFlags: 0
  m_IsActive: 1
--- !u!4 &6099744925324345719
Transform:
  m_ObjectHideFlags: 0
  m_CorrespondingSourceObject: {fileID: 0}
  m_PrefabInstance: {fileID: 0}
  m_PrefabAsset: {fileID: 0}
  m_GameObject: {fileID: 5529247910435001912}
  m_LocalRotation: {x: 0.028681297, y: -0.0015413318, z: -0.17962907, w: 0.983315}
  m_LocalPosition: {x: 0.0011515729, y: 0.03886193, z: 3.7310366e-10}
  m_LocalScale: {x: 1, y: 1, z: 1}
  m_Children:
  - {fileID: 2446718194770096702}
  m_Father: {fileID: 1615767230035427290}
  m_RootOrder: 0
  m_LocalEulerAnglesHint: {x: 0, y: 0, z: 0}
--- !u!1 &5533804558368355153
GameObject:
  m_ObjectHideFlags: 0
  m_CorrespondingSourceObject: {fileID: 0}
  m_PrefabInstance: {fileID: 0}
  m_PrefabAsset: {fileID: 0}
  serializedVersion: 6
  m_Component:
  - component: {fileID: 4957736394759833471}
  m_Layer: 14
  m_Name: mixamorig:LeftUpLeg
  m_TagString: Untagged
  m_Icon: {fileID: 0}
  m_NavMeshLayer: 0
  m_StaticEditorFlags: 0
  m_IsActive: 1
--- !u!4 &4957736394759833471
Transform:
  m_ObjectHideFlags: 0
  m_CorrespondingSourceObject: {fileID: 0}
  m_PrefabInstance: {fileID: 0}
  m_PrefabAsset: {fileID: 0}
  m_GameObject: {fileID: 5533804558368355153}
  m_LocalRotation: {x: -0.0799861, y: 0.23773691, z: 0.9609642, w: 0.11675271}
  m_LocalPosition: {x: -0.055698786, y: -0.038062066, z: -0.008995185}
  m_LocalScale: {x: 1, y: 1, z: 1}
  m_Children:
  - {fileID: 321902469899296673}
  m_Father: {fileID: 3212167847943388675}
  m_RootOrder: 0
  m_LocalEulerAnglesHint: {x: 0, y: 0, z: 0}
--- !u!1 &5554217256883534716
GameObject:
  m_ObjectHideFlags: 0
  m_CorrespondingSourceObject: {fileID: 0}
  m_PrefabInstance: {fileID: 0}
  m_PrefabAsset: {fileID: 0}
  serializedVersion: 6
  m_Component:
  - component: {fileID: 321902469899296673}
  m_Layer: 14
  m_Name: mixamorig:LeftLeg
  m_TagString: Untagged
  m_Icon: {fileID: 0}
  m_NavMeshLayer: 0
  m_StaticEditorFlags: 0
  m_IsActive: 1
--- !u!4 &321902469899296673
Transform:
  m_ObjectHideFlags: 0
  m_CorrespondingSourceObject: {fileID: 0}
  m_PrefabInstance: {fileID: 0}
  m_PrefabAsset: {fileID: 0}
  m_GameObject: {fileID: 5554217256883534716}
  m_LocalRotation: {x: -0.3816051, y: -0.12047061, z: 0.060941365, w: 0.91441274}
  m_LocalPosition: {x: -3.2729008e-10, y: 0.25077686, z: -7.807179e-11}
  m_LocalScale: {x: 1, y: 1, z: 1}
  m_Children:
  - {fileID: 5175079827878045517}
  m_Father: {fileID: 4957736394759833471}
  m_RootOrder: 0
  m_LocalEulerAnglesHint: {x: 0, y: 0, z: 0}
--- !u!1 &5593554445163953315
GameObject:
  m_ObjectHideFlags: 0
  m_CorrespondingSourceObject: {fileID: 0}
  m_PrefabInstance: {fileID: 0}
  m_PrefabAsset: {fileID: 0}
  serializedVersion: 6
  m_Component:
  - component: {fileID: 5593554445163953316}
  - component: {fileID: 5593554445163953318}
  - component: {fileID: 5593554445163953317}
  - component: {fileID: 5593554445163953319}
  m_Layer: 14
  m_Name: Protect Me text
  m_TagString: Untagged
  m_Icon: {fileID: 0}
  m_NavMeshLayer: 0
  m_StaticEditorFlags: 0
  m_IsActive: 1
--- !u!224 &5593554445163953316
RectTransform:
  m_ObjectHideFlags: 0
  m_CorrespondingSourceObject: {fileID: 0}
  m_PrefabInstance: {fileID: 0}
  m_PrefabAsset: {fileID: 0}
  m_GameObject: {fileID: 5593554445163953315}
  m_LocalRotation: {x: 0.70710576, y: -0, z: -0, w: 0.70710784}
  m_LocalPosition: {x: 0, y: 0, z: -0.5}
  m_LocalScale: {x: 0.23868, y: 0.23868, z: 0.23868}
  m_Children: []
  m_Father: {fileID: 6972622734393532055}
  m_RootOrder: 2
  m_LocalEulerAnglesHint: {x: 90, y: 0, z: 0}
  m_AnchorMin: {x: 0.5, y: 0.5}
  m_AnchorMax: {x: 0.5, y: 0.5}
  m_AnchoredPosition: {x: 0, y: 0}
  m_SizeDelta: {x: 15, y: 3}
  m_Pivot: {x: 0.5, y: 0.5}
--- !u!23 &5593554445163953318
MeshRenderer:
  m_ObjectHideFlags: 0
  m_CorrespondingSourceObject: {fileID: 0}
  m_PrefabInstance: {fileID: 0}
  m_PrefabAsset: {fileID: 0}
  m_GameObject: {fileID: 5593554445163953315}
  m_Enabled: 1
  m_CastShadows: 0
  m_ReceiveShadows: 0
  m_DynamicOccludee: 1
  m_MotionVectors: 1
  m_LightProbeUsage: 1
  m_ReflectionProbeUsage: 1
  m_RayTracingMode: 2
  m_RayTraceProcedural: 0
  m_RenderingLayerMask: 1
  m_RendererPriority: 0
  m_Materials:
  - {fileID: 7072739224148516747, guid: fc4446d9e5f160b46b26a9212a04c221, type: 2}
  m_StaticBatchInfo:
    firstSubMesh: 0
    subMeshCount: 0
  m_StaticBatchRoot: {fileID: 0}
  m_ProbeAnchor: {fileID: 0}
  m_LightProbeVolumeOverride: {fileID: 0}
  m_ScaleInLightmap: 1
  m_ReceiveGI: 1
  m_PreserveUVs: 0
  m_IgnoreNormalsForChartDetection: 0
  m_ImportantGI: 0
  m_StitchLightmapSeams: 1
  m_SelectedEditorRenderState: 3
  m_MinimumChartSize: 4
  m_AutoUVMaxDistance: 0.5
  m_AutoUVMaxAngle: 89
  m_LightmapParameters: {fileID: 0}
  m_SortingLayerID: 0
  m_SortingLayer: 0
  m_SortingOrder: 0
  m_AdditionalVertexStreams: {fileID: 0}
--- !u!114 &5593554445163953317
MonoBehaviour:
  m_ObjectHideFlags: 0
  m_CorrespondingSourceObject: {fileID: 0}
  m_PrefabInstance: {fileID: 0}
  m_PrefabAsset: {fileID: 0}
  m_GameObject: {fileID: 5593554445163953315}
  m_Enabled: 1
  m_EditorHideFlags: 0
  m_Script: {fileID: 11500000, guid: 9541d86e2fd84c1d9990edf0852d74ab, type: 3}
  m_Name: 
  m_EditorClassIdentifier: 
  m_Material: {fileID: 0}
  m_Color: {r: 1, g: 1, b: 1, a: 1}
  m_RaycastTarget: 1
  m_RaycastPadding: {x: 0, y: 0, z: 0, w: 0}
  m_Maskable: 1
  m_OnCullStateChanged:
    m_PersistentCalls:
      m_Calls: []
  m_text: Protect me !
  m_isRightToLeft: 0
  m_fontAsset: {fileID: 11400000, guid: fc4446d9e5f160b46b26a9212a04c221, type: 2}
  m_sharedMaterial: {fileID: 7072739224148516747, guid: fc4446d9e5f160b46b26a9212a04c221,
    type: 2}
  m_fontSharedMaterials: []
  m_fontMaterial: {fileID: 0}
  m_fontMaterials: []
  m_fontColor32:
    serializedVersion: 2
    rgba: 4278190080
  m_fontColor: {r: 0, g: 0, b: 0, a: 1}
  m_enableVertexGradient: 0
  m_colorMode: 3
  m_fontColorGradient:
    topLeft: {r: 1, g: 1, b: 1, a: 1}
    topRight: {r: 1, g: 1, b: 1, a: 1}
    bottomLeft: {r: 1, g: 1, b: 1, a: 1}
    bottomRight: {r: 1, g: 1, b: 1, a: 1}
  m_fontColorGradientPreset: {fileID: 0}
  m_spriteAsset: {fileID: 0}
  m_tintAllSprites: 0
  m_StyleSheet: {fileID: 0}
  m_TextStyleHashCode: -1183493901
  m_overrideHtmlColors: 0
  m_faceColor:
    serializedVersion: 2
    rgba: 4294967295
  m_fontSize: 15
  m_fontSizeBase: 15
  m_fontWeight: 400
  m_enableAutoSizing: 0
  m_fontSizeMin: 18
  m_fontSizeMax: 72
  m_fontStyle: 0
  m_HorizontalAlignment: 2
  m_VerticalAlignment: 512
  m_textAlignment: 65535
  m_characterSpacing: 0
  m_wordSpacing: 0
  m_lineSpacing: 0
  m_lineSpacingMax: 0
  m_paragraphSpacing: 0
  m_charWidthMaxAdj: 0
  m_enableWordWrapping: 1
  m_wordWrappingRatios: 0.4
  m_overflowMode: 0
  m_linkedTextComponent: {fileID: 0}
  parentLinkedComponent: {fileID: 0}
  m_enableKerning: 1
  m_enableExtraPadding: 0
  checkPaddingRequired: 0
  m_isRichText: 1
  m_parseCtrlCharacters: 1
  m_isOrthographic: 0
  m_isCullingEnabled: 0
  m_horizontalMapping: 0
  m_verticalMapping: 0
  m_uvLineOffset: 0
  m_geometrySortingOrder: 0
  m_IsTextObjectScaleStatic: 0
  m_VertexBufferAutoSizeReduction: 1
  m_useMaxVisibleDescender: 1
  m_pageToDisplay: 1
  m_margin: {x: 0, y: 0, z: 0, w: 0}
  m_isUsingLegacyAnimationComponent: 0
  m_isVolumetricText: 0
  m_hasFontAssetChanged: 0
  m_renderer: {fileID: 5593554445163953318}
  m_maskType: 0
  _SortingLayerID: 0
  _SortingOrder: 0
--- !u!114 &5593554445163953319
MonoBehaviour:
  m_ObjectHideFlags: 0
  m_CorrespondingSourceObject: {fileID: 0}
  m_PrefabInstance: {fileID: 0}
  m_PrefabAsset: {fileID: 0}
  m_GameObject: {fileID: 5593554445163953315}
  m_Enabled: 1
  m_EditorHideFlags: 0
  m_Script: {fileID: 11500000, guid: 4d0390bd8b8ffd640b34fe25065ff1df, type: 3}
  m_Name: 
  m_EditorClassIdentifier: 
  updateType: 0
  isSpeedBased: 0
  hasOnStart: 0
  hasOnPlay: 0
  hasOnUpdate: 0
  hasOnStepComplete: 0
  hasOnComplete: 0
  hasOnTweenCreated: 0
  hasOnRewind: 0
  onStart:
    m_PersistentCalls:
      m_Calls: []
  onPlay:
    m_PersistentCalls:
      m_Calls: []
  onUpdate:
    m_PersistentCalls:
      m_Calls: []
  onStepComplete:
    m_PersistentCalls:
      m_Calls: []
  onComplete:
    m_PersistentCalls:
      m_Calls: []
  onTweenCreated:
    m_PersistentCalls:
      m_Calls: []
  onRewind:
    m_PersistentCalls:
      m_Calls: []
  targetIsSelf: 1
  targetGO: {fileID: 0}
  tweenTargetIsTargetGO: 1
  delay: 0
  duration: 0.5
  easeType: 6
  easeCurve:
    serializedVersion: 2
    m_Curve:
    - serializedVersion: 3
      time: 0
      value: 0
      inSlope: 0
      outSlope: 0
      tangentMode: 0
      weightedMode: 0
      inWeight: 0
      outWeight: 0
    - serializedVersion: 3
      time: 1
      value: 1
      inSlope: 0
      outSlope: 0
      tangentMode: 0
      weightedMode: 0
      inWeight: 0
      outWeight: 0
    m_PreInfinity: 2
    m_PostInfinity: 2
    m_RotationOrder: 4
  loopType: 1
  loops: -1
  id: 
  isRelative: 1
  isFrom: 0
  isIndependentUpdate: 0
  autoKill: 1
  isActive: 1
  isValid: 1
  target: {fileID: 5593554445163953316}
  animationType: 5
  targetType: 11
  forcedTargetType: 0
  autoPlay: 1
  useTargetAsV3: 0
  endValueFloat: 0.03
  endValueV3: {x: 0, y: 0, z: 0}
  endValueV2: {x: 0, y: 0}
  endValueColor: {r: 1, g: 1, b: 1, a: 1}
  endValueString: 
  endValueRect:
    serializedVersion: 2
    x: 0
    y: 0
    width: 0
    height: 0
  endValueTransform: {fileID: 0}
  optionalBool0: 1
  optionalFloat0: 0
  optionalInt0: 0
  optionalRotationMode: 0
  optionalScrambleMode: 0
  optionalString: 
--- !u!1 &5724080329101495480
GameObject:
  m_ObjectHideFlags: 0
  m_CorrespondingSourceObject: {fileID: 0}
  m_PrefabInstance: {fileID: 0}
  m_PrefabAsset: {fileID: 0}
  serializedVersion: 6
  m_Component:
  - component: {fileID: 2303141228118067450}
  m_Layer: 14
  m_Name: mixamorig:HeadTop_End
  m_TagString: Untagged
  m_Icon: {fileID: 0}
  m_NavMeshLayer: 0
  m_StaticEditorFlags: 0
  m_IsActive: 1
--- !u!4 &2303141228118067450
Transform:
  m_ObjectHideFlags: 0
  m_CorrespondingSourceObject: {fileID: 0}
  m_PrefabInstance: {fileID: 0}
  m_PrefabAsset: {fileID: 0}
  m_GameObject: {fileID: 5724080329101495480}
  m_LocalRotation: {x: 0, y: -0, z: -0, w: 1}
  m_LocalPosition: {x: -0, y: 0.34781557, z: -0.00073778484}
  m_LocalScale: {x: 1, y: 1, z: 1}
  m_Children:
  - {fileID: 3305750068318994880}
  m_Father: {fileID: 3940413932444044308}
  m_RootOrder: 0
  m_LocalEulerAnglesHint: {x: 0, y: 0, z: 0}
--- !u!1 &5796001927225492064
GameObject:
  m_ObjectHideFlags: 0
  m_CorrespondingSourceObject: {fileID: 0}
  m_PrefabInstance: {fileID: 0}
  m_PrefabAsset: {fileID: 0}
  serializedVersion: 6
  m_Component:
  - component: {fileID: 7714670206514666978}
  m_Layer: 14
  m_Name: mixamorig:LeftHandIndex4
  m_TagString: Untagged
  m_Icon: {fileID: 0}
  m_NavMeshLayer: 0
  m_StaticEditorFlags: 0
  m_IsActive: 1
--- !u!4 &7714670206514666978
Transform:
  m_ObjectHideFlags: 0
  m_CorrespondingSourceObject: {fileID: 0}
  m_PrefabInstance: {fileID: 0}
  m_PrefabAsset: {fileID: 0}
  m_GameObject: {fileID: 5796001927225492064}
  m_LocalRotation: {x: 0, y: -0, z: -0, w: 1}
  m_LocalPosition: {x: -0.00012299292, y: 0.025813613, z: -0.0000000017141846}
  m_LocalScale: {x: 1, y: 1, z: 1}
  m_Children: []
  m_Father: {fileID: 96297794482333511}
  m_RootOrder: 0
  m_LocalEulerAnglesHint: {x: 0, y: 0, z: 0}
--- !u!1 &5813716671700896772
GameObject:
  m_ObjectHideFlags: 0
  m_CorrespondingSourceObject: {fileID: 0}
  m_PrefabInstance: {fileID: 0}
  m_PrefabAsset: {fileID: 0}
  serializedVersion: 6
  m_Component:
  - component: {fileID: 4406059363947734382}
  m_Layer: 14
  m_Name: mixamorig:Neck
  m_TagString: Untagged
  m_Icon: {fileID: 0}
  m_NavMeshLayer: 0
  m_StaticEditorFlags: 0
  m_IsActive: 1
--- !u!4 &4406059363947734382
Transform:
  m_ObjectHideFlags: 0
  m_CorrespondingSourceObject: {fileID: 0}
  m_PrefabInstance: {fileID: 0}
  m_PrefabAsset: {fileID: 0}
  m_GameObject: {fileID: 5813716671700896772}
  m_LocalRotation: {x: -0.037672125, y: 0.01109881, z: -0.0021816536, w: 0.99922615}
  m_LocalPosition: {x: -0, y: 0.102712095, z: 1.3621308e-10}
  m_LocalScale: {x: 1, y: 1, z: 1}
  m_Children:
  - {fileID: 3940413932444044308}
  m_Father: {fileID: 7088076966066645267}
  m_RootOrder: 1
  m_LocalEulerAnglesHint: {x: 0, y: 0, z: 0}
--- !u!1 &5873942751203945527
GameObject:
  m_ObjectHideFlags: 0
  m_CorrespondingSourceObject: {fileID: 0}
  m_PrefabInstance: {fileID: 0}
  m_PrefabAsset: {fileID: 0}
  serializedVersion: 6
  m_Component:
  - component: {fileID: 116603727725037445}
  m_Layer: 14
  m_Name: mixamorig:LeftForeArm
  m_TagString: Untagged
  m_Icon: {fileID: 0}
  m_NavMeshLayer: 0
  m_StaticEditorFlags: 0
  m_IsActive: 1
--- !u!4 &116603727725037445
Transform:
  m_ObjectHideFlags: 0
  m_CorrespondingSourceObject: {fileID: 0}
  m_PrefabInstance: {fileID: 0}
  m_PrefabAsset: {fileID: 0}
  m_GameObject: {fileID: 5873942751203945527}
  m_LocalRotation: {x: -0.012843544, y: -0.05780537, z: -0.40496647, w: 0.91241205}
  m_LocalPosition: {x: 6.7101793e-12, y: 0.1527904, z: 8.1697635e-11}
  m_LocalScale: {x: 1, y: 1, z: 1}
  m_Children:
  - {fileID: 4428558809157938367}
  m_Father: {fileID: 3968985100062747204}
  m_RootOrder: 0
  m_LocalEulerAnglesHint: {x: 0, y: 0, z: 0}
--- !u!1 &6152147975682591605
GameObject:
  m_ObjectHideFlags: 0
  m_CorrespondingSourceObject: {fileID: 0}
  m_PrefabInstance: {fileID: 0}
  m_PrefabAsset: {fileID: 0}
  serializedVersion: 6
  m_Component:
  - component: {fileID: 667880845249337505}
  m_Layer: 14
  m_Name: mixamorig:RightHandIndex4
  m_TagString: Untagged
  m_Icon: {fileID: 0}
  m_NavMeshLayer: 0
  m_StaticEditorFlags: 0
  m_IsActive: 1
--- !u!4 &667880845249337505
Transform:
  m_ObjectHideFlags: 0
  m_CorrespondingSourceObject: {fileID: 0}
  m_PrefabInstance: {fileID: 0}
  m_PrefabAsset: {fileID: 0}
  m_GameObject: {fileID: 6152147975682591605}
  m_LocalRotation: {x: 0, y: -0, z: -0, w: 1}
  m_LocalPosition: {x: 0.00023417693, y: 0.030674212, z: 3.1729255e-10}
  m_LocalScale: {x: 1, y: 1, z: 1}
  m_Children: []
  m_Father: {fileID: 2446718194770096702}
  m_RootOrder: 0
  m_LocalEulerAnglesHint: {x: 0, y: 0, z: 0}
--- !u!1 &6167791041684986347
GameObject:
  m_ObjectHideFlags: 0
  m_CorrespondingSourceObject: {fileID: 0}
  m_PrefabInstance: {fileID: 0}
  m_PrefabAsset: {fileID: 0}
  serializedVersion: 6
  m_Component:
  - component: {fileID: 5706271478334926804}
  m_Layer: 14
  m_Name: mixamorig:RightToeBase
  m_TagString: Untagged
  m_Icon: {fileID: 0}
  m_NavMeshLayer: 0
  m_StaticEditorFlags: 0
  m_IsActive: 1
--- !u!4 &5706271478334926804
Transform:
  m_ObjectHideFlags: 0
  m_CorrespondingSourceObject: {fileID: 0}
  m_PrefabInstance: {fileID: 0}
  m_PrefabAsset: {fileID: 0}
  m_GameObject: {fileID: 6167791041684986347}
  m_LocalRotation: {x: 0.18643296, y: -0.009014, z: -0.009406239, w: 0.98238134}
  m_LocalPosition: {x: -0.0000000011524228, y: 0.1014672, z: -0.0000000015590846}
  m_LocalScale: {x: 1, y: 1, z: 1}
  m_Children:
  - {fileID: 643286890098249590}
  m_Father: {fileID: 8014212131942113024}
  m_RootOrder: 0
  m_LocalEulerAnglesHint: {x: 0, y: 0, z: 0}
--- !u!1 &6370538716944426657
GameObject:
  m_ObjectHideFlags: 0
  m_CorrespondingSourceObject: {fileID: 0}
  m_PrefabInstance: {fileID: 0}
  m_PrefabAsset: {fileID: 0}
  serializedVersion: 6
  m_Component:
  - component: {fileID: 8448411130299675280}
  m_Layer: 14
  m_Name: mixamorig:LeftHandIndex1
  m_TagString: Untagged
  m_Icon: {fileID: 0}
  m_NavMeshLayer: 0
  m_StaticEditorFlags: 0
  m_IsActive: 1
--- !u!4 &8448411130299675280
Transform:
  m_ObjectHideFlags: 0
  m_CorrespondingSourceObject: {fileID: 0}
  m_PrefabInstance: {fileID: 0}
  m_PrefabAsset: {fileID: 0}
  m_GameObject: {fileID: 6370538716944426657}
  m_LocalRotation: {x: 0.056764856, y: 0.038151596, z: 0.024096109, w: 0.9973674}
  m_LocalPosition: {x: 6.2026446e-11, y: 0.041268587, z: -0.0005844998}
  m_LocalScale: {x: 1, y: 1, z: 1}
  m_Children:
  - {fileID: 949282024877708596}
  m_Father: {fileID: 4428558809157938367}
  m_RootOrder: 0
  m_LocalEulerAnglesHint: {x: 0, y: 0, z: 0}
--- !u!1 &6424458705652232368
GameObject:
  m_ObjectHideFlags: 0
  m_CorrespondingSourceObject: {fileID: 0}
  m_PrefabInstance: {fileID: 0}
  m_PrefabAsset: {fileID: 0}
  serializedVersion: 6
  m_Component:
  - component: {fileID: 4428558809157938367}
  m_Layer: 14
  m_Name: mixamorig:LeftHand
  m_TagString: Untagged
  m_Icon: {fileID: 0}
  m_NavMeshLayer: 0
  m_StaticEditorFlags: 0
  m_IsActive: 1
--- !u!4 &4428558809157938367
Transform:
  m_ObjectHideFlags: 0
  m_CorrespondingSourceObject: {fileID: 0}
  m_PrefabInstance: {fileID: 0}
  m_PrefabAsset: {fileID: 0}
  m_GameObject: {fileID: 6424458705652232368}
  m_LocalRotation: {x: -0.10652594, y: 0.53863007, z: -0.12253453, w: 0.82674974}
  m_LocalPosition: {x: -3.9781584e-13, y: 0.15582542, z: -1.3636906e-12}
  m_LocalScale: {x: 1, y: 1, z: 1}
  m_Children:
  - {fileID: 8448411130299675280}
  - {fileID: 2397940813195031850}
  m_Father: {fileID: 116603727725037445}
  m_RootOrder: 0
  m_LocalEulerAnglesHint: {x: 0, y: 0, z: 0}
--- !u!1 &6552068483914140625
GameObject:
  m_ObjectHideFlags: 0
  m_CorrespondingSourceObject: {fileID: 0}
  m_PrefabInstance: {fileID: 0}
  m_PrefabAsset: {fileID: 0}
  serializedVersion: 6
  m_Component:
  - component: {fileID: 2446718194770096702}
  m_Layer: 14
  m_Name: mixamorig:RightHandIndex3
  m_TagString: Untagged
  m_Icon: {fileID: 0}
  m_NavMeshLayer: 0
  m_StaticEditorFlags: 0
  m_IsActive: 1
--- !u!4 &2446718194770096702
Transform:
  m_ObjectHideFlags: 0
  m_CorrespondingSourceObject: {fileID: 0}
  m_PrefabInstance: {fileID: 0}
  m_PrefabAsset: {fileID: 0}
  m_GameObject: {fileID: 6552068483914140625}
  m_LocalRotation: {x: -0.000058459067, y: 0.0034823958, z: 0.024307473, w: 0.99969846}
  m_LocalPosition: {x: -0.0013857499, y: 0.03380365, z: 0.000000001931488}
  m_LocalScale: {x: 1, y: 1, z: 1}
  m_Children:
  - {fileID: 667880845249337505}
  m_Father: {fileID: 6099744925324345719}
  m_RootOrder: 0
  m_LocalEulerAnglesHint: {x: 0, y: 0, z: 0}
--- !u!1 &6738740436393360341
GameObject:
  m_ObjectHideFlags: 0
  m_CorrespondingSourceObject: {fileID: 0}
  m_PrefabInstance: {fileID: 0}
  m_PrefabAsset: {fileID: 0}
  serializedVersion: 6
  m_Component:
  - component: {fileID: 8973199375067383910}
  m_Layer: 14
  m_Name: mixamorig:RightHandThumb3
  m_TagString: Untagged
  m_Icon: {fileID: 0}
  m_NavMeshLayer: 0
  m_StaticEditorFlags: 0
  m_IsActive: 1
--- !u!4 &8973199375067383910
Transform:
  m_ObjectHideFlags: 0
  m_CorrespondingSourceObject: {fileID: 0}
  m_PrefabInstance: {fileID: 0}
  m_PrefabAsset: {fileID: 0}
  m_GameObject: {fileID: 6738740436393360341}
  m_LocalRotation: {x: 0.000086124455, y: -0.00063906977, z: 0.12062565, w: 0.99269783}
  m_LocalPosition: {x: -0.007211647, y: 0.027597198, z: -4.728272e-10}
  m_LocalScale: {x: 1, y: 1, z: 1}
  m_Children:
  - {fileID: 7208021033469139508}
  m_Father: {fileID: 1487090422050111969}
  m_RootOrder: 0
  m_LocalEulerAnglesHint: {x: 0, y: 0, z: 0}
--- !u!1 &6800148595695932493
GameObject:
  m_ObjectHideFlags: 0
  m_CorrespondingSourceObject: {fileID: 0}
  m_PrefabInstance: {fileID: 0}
  m_PrefabAsset: {fileID: 0}
  serializedVersion: 6
  m_Component:
  - component: {fileID: 7572826742686033098}
  m_Layer: 14
  m_Name: mixamorig:LeftHandThumb3
  m_TagString: Untagged
  m_Icon: {fileID: 0}
  m_NavMeshLayer: 0
  m_StaticEditorFlags: 0
  m_IsActive: 1
--- !u!4 &7572826742686033098
Transform:
  m_ObjectHideFlags: 0
  m_CorrespondingSourceObject: {fileID: 0}
  m_PrefabInstance: {fileID: 0}
  m_PrefabAsset: {fileID: 0}
  m_GameObject: {fileID: 6800148595695932493}
  m_LocalRotation: {x: -0.000104954364, y: -0.0007029258, z: -0.07475021, w: 0.99720204}
  m_LocalPosition: {x: 0.0064661554, y: 0.028455036, z: -3.1568878e-10}
  m_LocalScale: {x: 1, y: 1, z: 1}
  m_Children:
  - {fileID: 5751242161314662759}
  m_Father: {fileID: 5160351028632410278}
  m_RootOrder: 0
  m_LocalEulerAnglesHint: {x: 0, y: 0, z: 0}
--- !u!1 &7302059485104896826
GameObject:
  m_ObjectHideFlags: 0
  m_CorrespondingSourceObject: {fileID: 0}
  m_PrefabInstance: {fileID: 0}
  m_PrefabAsset: {fileID: 0}
  serializedVersion: 6
  m_Component:
  - component: {fileID: 3750575852922496633}
  m_Layer: 14
  m_Name: mixamorig:RightArm
  m_TagString: Untagged
  m_Icon: {fileID: 0}
  m_NavMeshLayer: 0
  m_StaticEditorFlags: 0
  m_IsActive: 1
--- !u!4 &3750575852922496633
Transform:
  m_ObjectHideFlags: 0
  m_CorrespondingSourceObject: {fileID: 0}
  m_PrefabInstance: {fileID: 0}
  m_PrefabAsset: {fileID: 0}
  m_GameObject: {fileID: 7302059485104896826}
  m_LocalRotation: {x: 0.36231872, y: -0.12231953, z: -0.17051893, w: 0.9081224}
  m_LocalPosition: {x: -3.436201e-12, y: 0.0959004, z: 1.757331e-10}
  m_LocalScale: {x: 1, y: 1, z: 1}
  m_Children:
  - {fileID: 4961380173611781332}
  m_Father: {fileID: 393412736114524385}
  m_RootOrder: 0
  m_LocalEulerAnglesHint: {x: 0, y: 0, z: 0}
--- !u!1 &7451653099551356805
GameObject:
  m_ObjectHideFlags: 0
  m_CorrespondingSourceObject: {fileID: 0}
  m_PrefabInstance: {fileID: 0}
  m_PrefabAsset: {fileID: 0}
  serializedVersion: 6
  m_Component:
  - component: {fileID: 393412736114524385}
  m_Layer: 14
  m_Name: mixamorig:RightShoulder
  m_TagString: Untagged
  m_Icon: {fileID: 0}
  m_NavMeshLayer: 0
  m_StaticEditorFlags: 0
  m_IsActive: 1
--- !u!4 &393412736114524385
Transform:
  m_ObjectHideFlags: 0
  m_CorrespondingSourceObject: {fileID: 0}
  m_PrefabInstance: {fileID: 0}
  m_PrefabAsset: {fileID: 0}
  m_GameObject: {fileID: 7451653099551356805}
  m_LocalRotation: {x: 0.65437895, y: 0.34621766, z: -0.54526895, w: 0.39319643}
  m_LocalPosition: {x: 0.045766357, y: 0.08833943, z: 0.00005693323}
  m_LocalScale: {x: 1, y: 1, z: 1}
  m_Children:
  - {fileID: 3750575852922496633}
  m_Father: {fileID: 7088076966066645267}
  m_RootOrder: 2
  m_LocalEulerAnglesHint: {x: 0, y: 0, z: 0}
--- !u!1 &7515384691152086902
GameObject:
  m_ObjectHideFlags: 0
  m_CorrespondingSourceObject: {fileID: 0}
  m_PrefabInstance: {fileID: 0}
  m_PrefabAsset: {fileID: 0}
  serializedVersion: 6
  m_Component:
  - component: {fileID: 3212167847943388675}
  m_Layer: 14
  m_Name: mixamorig:Hips
  m_TagString: Untagged
  m_Icon: {fileID: 0}
  m_NavMeshLayer: 0
  m_StaticEditorFlags: 0
  m_IsActive: 1
--- !u!4 &3212167847943388675
Transform:
  m_ObjectHideFlags: 0
  m_CorrespondingSourceObject: {fileID: 0}
  m_PrefabInstance: {fileID: 0}
  m_PrefabAsset: {fileID: 0}
  m_GameObject: {fileID: 7515384691152086902}
  m_LocalRotation: {x: -0.036053877, y: 0.36831084, z: 0.014407007, w: 0.92889166}
  m_LocalPosition: {x: 0.0028638984, y: 0.48167175, z: 0.00022146404}
  m_LocalScale: {x: 1, y: 1, z: 1}
  m_Children:
  - {fileID: 4957736394759833471}
  - {fileID: 1591592000278956348}
  - {fileID: 2952972073591557520}
  m_Father: {fileID: 6972622734393532055}
  m_RootOrder: 0
  m_LocalEulerAnglesHint: {x: 0, y: 0, z: 0}
--- !u!1 &7577144658415030281
GameObject:
  m_ObjectHideFlags: 0
  m_CorrespondingSourceObject: {fileID: 0}
  m_PrefabInstance: {fileID: 0}
  m_PrefabAsset: {fileID: 0}
  serializedVersion: 6
  m_Component:
  - component: {fileID: 7208021033469139508}
  m_Layer: 14
  m_Name: mixamorig:RightHandThumb4
  m_TagString: Untagged
  m_Icon: {fileID: 0}
  m_NavMeshLayer: 0
  m_StaticEditorFlags: 0
  m_IsActive: 1
--- !u!4 &7208021033469139508
Transform:
  m_ObjectHideFlags: 0
  m_CorrespondingSourceObject: {fileID: 0}
  m_PrefabInstance: {fileID: 0}
  m_PrefabAsset: {fileID: 0}
  m_GameObject: {fileID: 7577144658415030281}
  m_LocalRotation: {x: 0, y: -0, z: -0, w: 1}
  m_LocalPosition: {x: -0.0003367947, y: 0.024579182, z: -7.0134315e-11}
  m_LocalScale: {x: 1, y: 1, z: 1}
  m_Children: []
  m_Father: {fileID: 8973199375067383910}
  m_RootOrder: 0
  m_LocalEulerAnglesHint: {x: 0, y: 0, z: 0}
--- !u!1 &7748561647088075821
GameObject:
  m_ObjectHideFlags: 0
  m_CorrespondingSourceObject: {fileID: 0}
  m_PrefabInstance: {fileID: 0}
  m_PrefabAsset: {fileID: 0}
  serializedVersion: 6
  m_Component:
  - component: {fileID: 6972622734393532055}
  - component: {fileID: 5812769493106482110}
  - component: {fileID: 307720700607230022}
  - component: {fileID: 3185220051988892530}
  - component: {fileID: 5647999597054385955}
  m_Layer: 14
  m_Name: VIP 1
  m_TagString: VIP
  m_Icon: {fileID: 0}
  m_NavMeshLayer: 0
  m_StaticEditorFlags: 0
  m_IsActive: 1
--- !u!4 &6972622734393532055
Transform:
  m_ObjectHideFlags: 0
  m_CorrespondingSourceObject: {fileID: 0}
  m_PrefabInstance: {fileID: 0}
  m_PrefabAsset: {fileID: 0}
  m_GameObject: {fileID: 7748561647088075821}
  m_LocalRotation: {x: 0, y: 0, z: 0, w: 1}
  m_LocalPosition: {x: 0, y: -0.75799996, z: -32.637}
  m_LocalScale: {x: 1, y: 1, z: 1}
  m_Children:
  - {fileID: 3212167847943388675}
  - {fileID: 5088779790048652303}
  - {fileID: 5593554445163953316}
  - {fileID: 3056496438885628816}
  - {fileID: 9006464900441193295}
  - {fileID: 1802380448166779507}
  m_Father: {fileID: 0}
  m_RootOrder: 0
  m_LocalEulerAnglesHint: {x: 0, y: 0, z: 0}
--- !u!114 &5812769493106482110
MonoBehaviour:
  m_ObjectHideFlags: 0
  m_CorrespondingSourceObject: {fileID: 0}
  m_PrefabInstance: {fileID: 0}
  m_PrefabAsset: {fileID: 0}
  m_GameObject: {fileID: 7748561647088075821}
  m_Enabled: 1
  m_EditorHideFlags: 0
  m_Script: {fileID: 11500000, guid: 1ef17caa54313ca46bed603f7e4104d3, type: 3}
  m_Name: 
  m_EditorClassIdentifier: 
  speedMovement: 3
  distanceDetectionObstacle: 5
  layerMaskDetectionObstacle:
    serializedVersion: 2
    m_Bits: 256
  looseFX: {fileID: 9006464900460706679}
  win: 0
--- !u!54 &307720700607230022
Rigidbody:
  m_ObjectHideFlags: 0
  m_CorrespondingSourceObject: {fileID: 0}
  m_PrefabInstance: {fileID: 0}
  m_PrefabAsset: {fileID: 0}
  m_GameObject: {fileID: 7748561647088075821}
  serializedVersion: 2
  m_Mass: 1e+9
  m_Drag: 0
  m_AngularDrag: 0.05
  m_UseGravity: 1
  m_IsKinematic: 0
  m_Interpolate: 0
  m_Constraints: 114
  m_CollisionDetection: 0
--- !u!136 &3185220051988892530
CapsuleCollider:
  m_ObjectHideFlags: 0
  m_CorrespondingSourceObject: {fileID: 0}
  m_PrefabInstance: {fileID: 0}
  m_PrefabAsset: {fileID: 0}
  m_GameObject: {fileID: 7748561647088075821}
  m_Material: {fileID: 0}
  m_IsTrigger: 0
  m_Enabled: 1
  m_Radius: 0.26
  m_Height: 1.4
  m_Direction: 1
  m_Center: {x: 0, y: 0.54, z: 0.03}
--- !u!95 &5647999597054385955
Animator:
  serializedVersion: 3
  m_ObjectHideFlags: 0
  m_CorrespondingSourceObject: {fileID: 0}
  m_PrefabInstance: {fileID: 0}
  m_PrefabAsset: {fileID: 0}
  m_GameObject: {fileID: 7748561647088075821}
  m_Enabled: 1
  m_Avatar: {fileID: 0}
  m_Controller: {fileID: 9100000, guid: 1b6062a404f0cd14f9ea714dd4f73541, type: 2}
  m_CullingMode: 0
  m_UpdateMode: 0
  m_ApplyRootMotion: 0
  m_LinearVelocityBlending: 0
  m_WarningMessage: 
  m_HasTransformHierarchy: 1
  m_AllowConstantClipSamplingOptimization: 1
  m_KeepAnimatorControllerStateOnDisable: 0
--- !u!1 &8282240646668572103
GameObject:
  m_ObjectHideFlags: 0
  m_CorrespondingSourceObject: {fileID: 0}
  m_PrefabInstance: {fileID: 0}
  m_PrefabAsset: {fileID: 0}
  serializedVersion: 6
  m_Component:
  - component: {fileID: 2952972073591557520}
  m_Layer: 14
  m_Name: mixamorig:Spine
  m_TagString: Untagged
  m_Icon: {fileID: 0}
  m_NavMeshLayer: 0
  m_StaticEditorFlags: 0
  m_IsActive: 1
--- !u!4 &2952972073591557520
Transform:
  m_ObjectHideFlags: 0
  m_CorrespondingSourceObject: {fileID: 0}
  m_PrefabInstance: {fileID: 0}
  m_PrefabAsset: {fileID: 0}
  m_GameObject: {fileID: 8282240646668572103}
  m_LocalRotation: {x: 0.050465204, y: -0.041573085, z: 0.007412209, w: 0.99783266}
  m_LocalPosition: {x: -0, y: 0.06847475, z: 0.000015332042}
  m_LocalScale: {x: 1, y: 1, z: 1}
  m_Children:
  - {fileID: 8639782081834998136}
  m_Father: {fileID: 3212167847943388675}
  m_RootOrder: 2
  m_LocalEulerAnglesHint: {x: 0, y: 0, z: 0}
--- !u!1 &8492789809290989201
GameObject:
  m_ObjectHideFlags: 0
  m_CorrespondingSourceObject: {fileID: 0}
  m_PrefabInstance: {fileID: 0}
  m_PrefabAsset: {fileID: 0}
  serializedVersion: 6
  m_Component:
  - component: {fileID: 4523196407673686482}
  m_Layer: 14
  m_Name: mixamorig:LeftToeBase
  m_TagString: Untagged
  m_Icon: {fileID: 0}
  m_NavMeshLayer: 0
  m_StaticEditorFlags: 0
  m_IsActive: 1
--- !u!4 &4523196407673686482
Transform:
  m_ObjectHideFlags: 0
  m_CorrespondingSourceObject: {fileID: 0}
  m_PrefabInstance: {fileID: 0}
  m_PrefabAsset: {fileID: 0}
  m_GameObject: {fileID: 8492789809290989201}
  m_LocalRotation: {x: 0.18816538, y: -0.0060449135, z: 0.032877706, w: 0.9815683}
  m_LocalPosition: {x: 3.8514497e-10, y: 0.1049025, z: -0.0000000018694866}
  m_LocalScale: {x: 1, y: 1, z: 1}
  m_Children:
  - {fileID: 6868152890510560260}
  m_Father: {fileID: 5175079827878045517}
  m_RootOrder: 0
  m_LocalEulerAnglesHint: {x: 0, y: 0, z: 0}
--- !u!1 &8623815608819455048
GameObject:
  m_ObjectHideFlags: 0
  m_CorrespondingSourceObject: {fileID: 0}
  m_PrefabInstance: {fileID: 0}
  m_PrefabAsset: {fileID: 0}
  serializedVersion: 6
  m_Component:
  - component: {fileID: 96297794482333511}
  m_Layer: 14
  m_Name: mixamorig:LeftHandIndex3
  m_TagString: Untagged
  m_Icon: {fileID: 0}
  m_NavMeshLayer: 0
  m_StaticEditorFlags: 0
  m_IsActive: 1
--- !u!4 &96297794482333511
Transform:
  m_ObjectHideFlags: 0
  m_CorrespondingSourceObject: {fileID: 0}
  m_PrefabInstance: {fileID: 0}
  m_PrefabAsset: {fileID: 0}
  m_GameObject: {fileID: 8623815608819455048}
  m_LocalRotation: {x: -0.0000003271595, y: 0.000038783335, z: -0.007097519, w: 0.99997485}
  m_LocalPosition: {x: 0.00031730905, y: 0.033518843, z: 0.00000000137405}
  m_LocalScale: {x: 1, y: 1, z: 1}
  m_Children:
  - {fileID: 7714670206514666978}
  m_Father: {fileID: 949282024877708596}
  m_RootOrder: 0
  m_LocalEulerAnglesHint: {x: 0, y: 0, z: 0}
--- !u!1 &9119891654222871315
GameObject:
  m_ObjectHideFlags: 0
  m_CorrespondingSourceObject: {fileID: 0}
  m_PrefabInstance: {fileID: 0}
  m_PrefabAsset: {fileID: 0}
  serializedVersion: 6
  m_Component:
  - component: {fileID: 1615767230035427290}
  m_Layer: 14
  m_Name: mixamorig:RightHandIndex1
  m_TagString: Untagged
  m_Icon: {fileID: 0}
  m_NavMeshLayer: 0
  m_StaticEditorFlags: 0
  m_IsActive: 1
--- !u!4 &1615767230035427290
Transform:
  m_ObjectHideFlags: 0
  m_CorrespondingSourceObject: {fileID: 0}
  m_PrefabInstance: {fileID: 0}
  m_PrefabAsset: {fileID: 0}
  m_GameObject: {fileID: 9119891654222871315}
  m_LocalRotation: {x: 0.012616429, y: -0.06040495, z: -0.026696471, w: 0.9977371}
  m_LocalPosition: {x: -3.287868e-10, y: 0.041435707, z: 0.00091205107}
  m_LocalScale: {x: 1, y: 1, z: 1}
  m_Children:
  - {fileID: 6099744925324345719}
  m_Father: {fileID: 9150380785704912564}
  m_RootOrder: 0
  m_LocalEulerAnglesHint: {x: 0, y: 0, z: 0}
--- !u!1001 &3056496438885292980
PrefabInstance:
  m_ObjectHideFlags: 0
  serializedVersion: 2
  m_Modification:
    m_TransformParent: {fileID: 6972622734393532055}
    m_Modifications:
    - target: {fileID: 113104, guid: 23818e20c9fcaa74eae69d5f3348c74d, type: 3}
      propertyPath: m_Layer
      value: 14
      objectReference: {fileID: 0}
    - target: {fileID: 130200, guid: 23818e20c9fcaa74eae69d5f3348c74d, type: 3}
      propertyPath: m_Name
      value: StarTrail
      objectReference: {fileID: 0}
    - target: {fileID: 130200, guid: 23818e20c9fcaa74eae69d5f3348c74d, type: 3}
      propertyPath: m_Layer
      value: 14
      objectReference: {fileID: 0}
    - target: {fileID: 145100, guid: 23818e20c9fcaa74eae69d5f3348c74d, type: 3}
      propertyPath: m_Layer
      value: 14
      objectReference: {fileID: 0}
    - target: {fileID: 466980, guid: 23818e20c9fcaa74eae69d5f3348c74d, type: 3}
      propertyPath: m_LocalPosition.x
      value: -0.017
      objectReference: {fileID: 0}
    - target: {fileID: 466980, guid: 23818e20c9fcaa74eae69d5f3348c74d, type: 3}
      propertyPath: m_LocalPosition.y
      value: 0.731
      objectReference: {fileID: 0}
    - target: {fileID: 466980, guid: 23818e20c9fcaa74eae69d5f3348c74d, type: 3}
      propertyPath: m_LocalPosition.z
      value: -0.598999
      objectReference: {fileID: 0}
    - target: {fileID: 466980, guid: 23818e20c9fcaa74eae69d5f3348c74d, type: 3}
      propertyPath: m_LocalRotation.x
      value: -0
      objectReference: {fileID: 0}
    - target: {fileID: 466980, guid: 23818e20c9fcaa74eae69d5f3348c74d, type: 3}
      propertyPath: m_LocalRotation.y
      value: -0
      objectReference: {fileID: 0}
    - target: {fileID: 466980, guid: 23818e20c9fcaa74eae69d5f3348c74d, type: 3}
      propertyPath: m_LocalRotation.z
      value: -0
      objectReference: {fileID: 0}
    - target: {fileID: 466980, guid: 23818e20c9fcaa74eae69d5f3348c74d, type: 3}
      propertyPath: m_LocalRotation.w
      value: 1
      objectReference: {fileID: 0}
    - target: {fileID: 466980, guid: 23818e20c9fcaa74eae69d5f3348c74d, type: 3}
      propertyPath: m_RootOrder
      value: 3
      objectReference: {fileID: 0}
    - target: {fileID: 466980, guid: 23818e20c9fcaa74eae69d5f3348c74d, type: 3}
      propertyPath: m_LocalEulerAnglesHint.x
      value: 0
      objectReference: {fileID: 0}
    - target: {fileID: 466980, guid: 23818e20c9fcaa74eae69d5f3348c74d, type: 3}
      propertyPath: m_LocalEulerAnglesHint.y
      value: 0
      objectReference: {fileID: 0}
    - target: {fileID: 466980, guid: 23818e20c9fcaa74eae69d5f3348c74d, type: 3}
      propertyPath: m_LocalEulerAnglesHint.z
      value: 0
      objectReference: {fileID: 0}
    - target: {fileID: 19811078, guid: 23818e20c9fcaa74eae69d5f3348c74d, type: 3}
      propertyPath: InitialModule.startSizeY.minMaxState
      value: 3
      objectReference: {fileID: 0}
    - target: {fileID: 19811078, guid: 23818e20c9fcaa74eae69d5f3348c74d, type: 3}
      propertyPath: InitialModule.startSizeZ.minMaxState
      value: 3
      objectReference: {fileID: 0}
    - target: {fileID: 19811078, guid: 23818e20c9fcaa74eae69d5f3348c74d, type: 3}
      propertyPath: InitialModule.startRotationX.minMaxState
      value: 3
      objectReference: {fileID: 0}
    - target: {fileID: 19811078, guid: 23818e20c9fcaa74eae69d5f3348c74d, type: 3}
      propertyPath: InitialModule.startRotationY.minMaxState
      value: 3
      objectReference: {fileID: 0}
    - target: {fileID: 19811078, guid: 23818e20c9fcaa74eae69d5f3348c74d, type: 3}
      propertyPath: EmissionModule.rateOverTime.scalar
      value: 4
      objectReference: {fileID: 0}
    - target: {fileID: 19811078, guid: 23818e20c9fcaa74eae69d5f3348c74d, type: 3}
      propertyPath: EmissionModule.rateOverDistance.scalar
      value: 0
      objectReference: {fileID: 0}
    - target: {fileID: 19908970, guid: 23818e20c9fcaa74eae69d5f3348c74d, type: 3}
      propertyPath: m_Materials.Array.size
      value: 1
      objectReference: {fileID: 0}
    - target: {fileID: 19915414, guid: 23818e20c9fcaa74eae69d5f3348c74d, type: 3}
      propertyPath: m_Materials.Array.size
      value: 1
      objectReference: {fileID: 0}
    - target: {fileID: 19951192, guid: 23818e20c9fcaa74eae69d5f3348c74d, type: 3}
      propertyPath: m_Materials.Array.size
      value: 1
      objectReference: {fileID: 0}
    m_RemovedComponents: []
  m_SourcePrefab: {fileID: 100100000, guid: 23818e20c9fcaa74eae69d5f3348c74d, type: 3}
--- !u!4 &3056496438885628816 stripped
Transform:
  m_CorrespondingSourceObject: {fileID: 466980, guid: 23818e20c9fcaa74eae69d5f3348c74d,
    type: 3}
  m_PrefabInstance: {fileID: 3056496438885292980}
  m_PrefabAsset: {fileID: 0}
--- !u!1001 &3056496439486965291
PrefabInstance:
  m_ObjectHideFlags: 0
  serializedVersion: 2
  m_Modification:
    m_TransformParent: {fileID: 2303141228118067450}
    m_Modifications:
    - target: {fileID: -8679921383154817045, guid: 124d798a0e72d924d97f3d3555f22941,
        type: 3}
      propertyPath: m_LocalPosition.x
      value: -0.19989118
      objectReference: {fileID: 0}
    - target: {fileID: -8679921383154817045, guid: 124d798a0e72d924d97f3d3555f22941,
        type: 3}
      propertyPath: m_LocalPosition.y
      value: -0.123886675
      objectReference: {fileID: 0}
    - target: {fileID: -8679921383154817045, guid: 124d798a0e72d924d97f3d3555f22941,
        type: 3}
      propertyPath: m_LocalPosition.z
      value: -0.017043643
      objectReference: {fileID: 0}
    - target: {fileID: -8679921383154817045, guid: 124d798a0e72d924d97f3d3555f22941,
        type: 3}
      propertyPath: m_LocalRotation.x
      value: -0.121006906
      objectReference: {fileID: 0}
    - target: {fileID: -8679921383154817045, guid: 124d798a0e72d924d97f3d3555f22941,
        type: 3}
      propertyPath: m_LocalRotation.y
      value: -0.0041382755
      objectReference: {fileID: 0}
    - target: {fileID: -8679921383154817045, guid: 124d798a0e72d924d97f3d3555f22941,
        type: 3}
      propertyPath: m_LocalRotation.z
      value: 0.031577203
      objectReference: {fileID: 0}
    - target: {fileID: -8679921383154817045, guid: 124d798a0e72d924d97f3d3555f22941,
        type: 3}
      propertyPath: m_LocalRotation.w
      value: 0.99214065
      objectReference: {fileID: 0}
    - target: {fileID: -8679921383154817045, guid: 124d798a0e72d924d97f3d3555f22941,
        type: 3}
      propertyPath: m_RootOrder
      value: 0
      objectReference: {fileID: 0}
    - target: {fileID: -8679921383154817045, guid: 124d798a0e72d924d97f3d3555f22941,
        type: 3}
      propertyPath: m_LocalEulerAnglesHint.x
      value: 0
      objectReference: {fileID: 0}
    - target: {fileID: -8679921383154817045, guid: 124d798a0e72d924d97f3d3555f22941,
        type: 3}
      propertyPath: m_LocalEulerAnglesHint.y
      value: 0
      objectReference: {fileID: 0}
    - target: {fileID: -8679921383154817045, guid: 124d798a0e72d924d97f3d3555f22941,
        type: 3}
      propertyPath: m_LocalEulerAnglesHint.z
      value: 0
      objectReference: {fileID: 0}
    - target: {fileID: -8679921383154817045, guid: 124d798a0e72d924d97f3d3555f22941,
        type: 3}
      propertyPath: m_LocalScale.x
      value: 0.023497997
      objectReference: {fileID: 0}
    - target: {fileID: -8679921383154817045, guid: 124d798a0e72d924d97f3d3555f22941,
        type: 3}
      propertyPath: m_LocalScale.y
      value: 0.023498004
      objectReference: {fileID: 0}
    - target: {fileID: -8679921383154817045, guid: 124d798a0e72d924d97f3d3555f22941,
        type: 3}
      propertyPath: m_LocalScale.z
      value: 0.023498
      objectReference: {fileID: 0}
    - target: {fileID: -7635826562936255635, guid: 124d798a0e72d924d97f3d3555f22941,
        type: 3}
      propertyPath: m_Materials.Array.data[0]
      value: 
      objectReference: {fileID: 2100000, guid: 2b6a86a44ad964040ac3aceecba3bc3d, type: 2}
    - target: {fileID: -7635826562936255635, guid: 124d798a0e72d924d97f3d3555f22941,
        type: 3}
      propertyPath: m_CastShadows
      value: 2
      objectReference: {fileID: 0}
    - target: {fileID: 919132149155446097, guid: 124d798a0e72d924d97f3d3555f22941,
        type: 3}
      propertyPath: m_Name
      value: CROWN EMOJI
      objectReference: {fileID: 0}
    - target: {fileID: 919132149155446097, guid: 124d798a0e72d924d97f3d3555f22941,
        type: 3}
      propertyPath: m_Layer
      value: 14
      objectReference: {fileID: 0}
    - target: {fileID: 1151388028547126963, guid: 124d798a0e72d924d97f3d3555f22941,
        type: 3}
      propertyPath: m_LocalPosition.x
      value: 0
      objectReference: {fileID: 0}
    - target: {fileID: 1151388028547126963, guid: 124d798a0e72d924d97f3d3555f22941,
        type: 3}
      propertyPath: m_LocalPosition.y
      value: -1.49
      objectReference: {fileID: 0}
    - target: {fileID: 1151388028547126963, guid: 124d798a0e72d924d97f3d3555f22941,
        type: 3}
      propertyPath: m_LocalPosition.z
      value: -0.81
      objectReference: {fileID: 0}
    - target: {fileID: 8164078558771037576, guid: 124d798a0e72d924d97f3d3555f22941,
        type: 3}
      propertyPath: m_Layer
      value: 14
      objectReference: {fileID: 0}
    m_RemovedComponents: []
  m_SourcePrefab: {fileID: 100100000, guid: 124d798a0e72d924d97f3d3555f22941, type: 3}
--- !u!4 &3305750068318994880 stripped
Transform:
  m_CorrespondingSourceObject: {fileID: -8679921383154817045, guid: 124d798a0e72d924d97f3d3555f22941,
    type: 3}
  m_PrefabInstance: {fileID: 3056496439486965291}
  m_PrefabAsset: {fileID: 0}
--- !u!1001 &9006464900441405881
PrefabInstance:
  m_ObjectHideFlags: 0
  serializedVersion: 2
  m_Modification:
    m_TransformParent: {fileID: 6972622734393532055}
    m_Modifications:
    - target: {fileID: 131566, guid: d166c8ca466ba4a42a2c22afdee2d7e1, type: 3}
      propertyPath: m_Layer
      value: 14
      objectReference: {fileID: 0}
    - target: {fileID: 145352, guid: d166c8ca466ba4a42a2c22afdee2d7e1, type: 3}
      propertyPath: m_Layer
      value: 14
      objectReference: {fileID: 0}
    - target: {fileID: 160832, guid: d166c8ca466ba4a42a2c22afdee2d7e1, type: 3}
      propertyPath: m_Layer
      value: 14
      objectReference: {fileID: 0}
    - target: {fileID: 173828, guid: d166c8ca466ba4a42a2c22afdee2d7e1, type: 3}
      propertyPath: m_Layer
      value: 14
      objectReference: {fileID: 0}
    - target: {fileID: 181478, guid: d166c8ca466ba4a42a2c22afdee2d7e1, type: 3}
      propertyPath: m_Name
      value: SmallExplosionFire
      objectReference: {fileID: 0}
    - target: {fileID: 181478, guid: d166c8ca466ba4a42a2c22afdee2d7e1, type: 3}
      propertyPath: m_Layer
      value: 14
      objectReference: {fileID: 0}
    - target: {fileID: 475894, guid: d166c8ca466ba4a42a2c22afdee2d7e1, type: 3}
      propertyPath: m_LocalPosition.x
      value: 0.053
      objectReference: {fileID: 0}
    - target: {fileID: 475894, guid: d166c8ca466ba4a42a2c22afdee2d7e1, type: 3}
      propertyPath: m_LocalPosition.y
      value: 0.849
      objectReference: {fileID: 0}
    - target: {fileID: 475894, guid: d166c8ca466ba4a42a2c22afdee2d7e1, type: 3}
      propertyPath: m_LocalPosition.z
      value: 0
      objectReference: {fileID: 0}
    - target: {fileID: 475894, guid: d166c8ca466ba4a42a2c22afdee2d7e1, type: 3}
      propertyPath: m_LocalRotation.x
      value: 0
      objectReference: {fileID: 0}
    - target: {fileID: 475894, guid: d166c8ca466ba4a42a2c22afdee2d7e1, type: 3}
      propertyPath: m_LocalRotation.y
      value: 0
      objectReference: {fileID: 0}
    - target: {fileID: 475894, guid: d166c8ca466ba4a42a2c22afdee2d7e1, type: 3}
      propertyPath: m_LocalRotation.z
      value: 0
      objectReference: {fileID: 0}
    - target: {fileID: 475894, guid: d166c8ca466ba4a42a2c22afdee2d7e1, type: 3}
      propertyPath: m_LocalRotation.w
      value: 1
      objectReference: {fileID: 0}
    - target: {fileID: 475894, guid: d166c8ca466ba4a42a2c22afdee2d7e1, type: 3}
      propertyPath: m_RootOrder
      value: 4
      objectReference: {fileID: 0}
    - target: {fileID: 475894, guid: d166c8ca466ba4a42a2c22afdee2d7e1, type: 3}
      propertyPath: m_LocalEulerAnglesHint.x
      value: 0
      objectReference: {fileID: 0}
    - target: {fileID: 475894, guid: d166c8ca466ba4a42a2c22afdee2d7e1, type: 3}
      propertyPath: m_LocalEulerAnglesHint.y
      value: 0
      objectReference: {fileID: 0}
    - target: {fileID: 475894, guid: d166c8ca466ba4a42a2c22afdee2d7e1, type: 3}
      propertyPath: m_LocalEulerAnglesHint.z
      value: 0
      objectReference: {fileID: 0}
    - target: {fileID: 19800978, guid: d166c8ca466ba4a42a2c22afdee2d7e1, type: 3}
      propertyPath: playOnAwake
      value: 0
      objectReference: {fileID: 0}
    - target: {fileID: 19811314, guid: d166c8ca466ba4a42a2c22afdee2d7e1, type: 3}
      propertyPath: playOnAwake
      value: 0
      objectReference: {fileID: 0}
    - target: {fileID: 19825090, guid: d166c8ca466ba4a42a2c22afdee2d7e1, type: 3}
      propertyPath: playOnAwake
      value: 0
      objectReference: {fileID: 0}
    - target: {fileID: 19825358, guid: d166c8ca466ba4a42a2c22afdee2d7e1, type: 3}
      propertyPath: playOnAwake
      value: 0
      objectReference: {fileID: 0}
    - target: {fileID: 19851458, guid: d166c8ca466ba4a42a2c22afdee2d7e1, type: 3}
      propertyPath: playOnAwake
      value: 0
      objectReference: {fileID: 0}
    - target: {fileID: 19932826, guid: d166c8ca466ba4a42a2c22afdee2d7e1, type: 3}
      propertyPath: m_Materials.Array.size
      value: 1
      objectReference: {fileID: 0}
    - target: {fileID: 19938972, guid: d166c8ca466ba4a42a2c22afdee2d7e1, type: 3}
      propertyPath: m_Materials.Array.size
      value: 1
      objectReference: {fileID: 0}
    - target: {fileID: 19952246, guid: d166c8ca466ba4a42a2c22afdee2d7e1, type: 3}
      propertyPath: m_Materials.Array.size
      value: 1
      objectReference: {fileID: 0}
    - target: {fileID: 19976632, guid: d166c8ca466ba4a42a2c22afdee2d7e1, type: 3}
      propertyPath: m_Materials.Array.size
      value: 1
      objectReference: {fileID: 0}
    - target: {fileID: 19987854, guid: d166c8ca466ba4a42a2c22afdee2d7e1, type: 3}
      propertyPath: m_Materials.Array.size
      value: 1
      objectReference: {fileID: 0}
    m_RemovedComponents: []
  m_SourcePrefab: {fileID: 100100000, guid: d166c8ca466ba4a42a2c22afdee2d7e1, type: 3}
--- !u!4 &9006464900441193295 stripped
Transform:
  m_CorrespondingSourceObject: {fileID: 475894, guid: d166c8ca466ba4a42a2c22afdee2d7e1,
    type: 3}
  m_PrefabInstance: {fileID: 9006464900441405881}
  m_PrefabAsset: {fileID: 0}
--- !u!198 &9006464900460706679 stripped
ParticleSystem:
  m_CorrespondingSourceObject: {fileID: 19825358, guid: d166c8ca466ba4a42a2c22afdee2d7e1,
    type: 3}
  m_PrefabInstance: {fileID: 9006464900441405881}
  m_PrefabAsset: {fileID: 0}
