%YAML 1.1
%TAG !u! tag:unity3d.com,2011:
--- !u!29 &1
OcclusionCullingSettings:
  m_ObjectHideFlags: 0
  serializedVersion: 2
  m_OcclusionBakeSettings:
    smallestOccluder: 5
    smallestHole: 0.25
    backfaceThreshold: 100
  m_SceneGUID: 00000000000000000000000000000000
  m_OcclusionCullingData: {fileID: 0}
--- !u!104 &2
RenderSettings:
  m_ObjectHideFlags: 0
  serializedVersion: 9
  m_Fog: 1
  m_FogColor: {r: 0.5, g: 0.5, b: 0.5, a: 1}
  m_FogMode: 3
  m_FogDensity: 0.01
  m_LinearFogStart: 0
  m_LinearFogEnd: 300
  m_AmbientSkyColor: {r: 0.212, g: 0.227, b: 0.259, a: 1}
  m_AmbientEquatorColor: {r: 0.114, g: 0.125, b: 0.133, a: 1}
  m_AmbientGroundColor: {r: 0.047, g: 0.043, b: 0.035, a: 1}
  m_AmbientIntensity: 1
  m_AmbientMode: 1
  m_SubtractiveShadowColor: {r: 0.9744014, g: 1, b: 0.4764151, a: 1}
  m_SkyboxMaterial: {fileID: 10304, guid: 0000000000000000f000000000000000, type: 0}
  m_HaloStrength: 0.5
  m_FlareStrength: 1
  m_FlareFadeSpeed: 3
  m_HaloTexture: {fileID: 0}
  m_SpotCookie: {fileID: 10001, guid: 0000000000000000e000000000000000, type: 0}
  m_DefaultReflectionMode: 0
  m_DefaultReflectionResolution: 128
  m_ReflectionBounces: 1
  m_ReflectionIntensity: 1
  m_CustomReflection: {fileID: 0}
  m_Sun: {fileID: 0}
  m_IndirectSpecularColor: {r: 0.44657898, g: 0.4964133, b: 0.5748178, a: 1}
  m_UseRadianceAmbientProbe: 0
--- !u!157 &3
LightmapSettings:
  m_ObjectHideFlags: 0
  serializedVersion: 12
  m_GIWorkflowMode: 1
  m_GISettings:
    serializedVersion: 2
    m_BounceScale: 1
    m_IndirectOutputScale: 1
    m_AlbedoBoost: 1
    m_EnvironmentLightingMode: 0
    m_EnableBakedLightmaps: 1
    m_EnableRealtimeLightmaps: 0
  m_LightmapEditorSettings:
    serializedVersion: 12
    m_Resolution: 2
    m_BakeResolution: 40
    m_AtlasSize: 1024
    m_AO: 0
    m_AOMaxDistance: 1
    m_CompAOExponent: 1
    m_CompAOExponentDirect: 0
    m_ExtractAmbientOcclusion: 0
    m_Padding: 2
    m_LightmapParameters: {fileID: 0}
    m_LightmapsBakeMode: 1
    m_TextureCompression: 1
    m_FinalGather: 0
    m_FinalGatherFiltering: 1
    m_FinalGatherRayCount: 256
    m_ReflectionCompression: 2
    m_MixedBakeMode: 2
    m_BakeBackend: 1
    m_PVRSampling: 1
    m_PVRDirectSampleCount: 32
    m_PVRSampleCount: 512
    m_PVRBounces: 2
    m_PVREnvironmentSampleCount: 256
    m_PVREnvironmentReferencePointCount: 2048
    m_PVRFilteringMode: 1
    m_PVRDenoiserTypeDirect: 1
    m_PVRDenoiserTypeIndirect: 1
    m_PVRDenoiserTypeAO: 1
    m_PVRFilterTypeDirect: 0
    m_PVRFilterTypeIndirect: 0
    m_PVRFilterTypeAO: 0
    m_PVREnvironmentMIS: 1
    m_PVRCulling: 1
    m_PVRFilteringGaussRadiusDirect: 1
    m_PVRFilteringGaussRadiusIndirect: 5
    m_PVRFilteringGaussRadiusAO: 2
    m_PVRFilteringAtrousPositionSigmaDirect: 0.5
    m_PVRFilteringAtrousPositionSigmaIndirect: 2
    m_PVRFilteringAtrousPositionSigmaAO: 1
    m_ExportTrainingData: 0
    m_TrainingDataDestination: TrainingData
    m_LightProbeSampleCountMultiplier: 4
  m_LightingDataAsset: {fileID: 112000000, guid: ce9a14eecd3adba448ff263ee3bed03e,
    type: 2}
  m_LightingSettings: {fileID: 924695635}
--- !u!196 &4
NavMeshSettings:
  serializedVersion: 2
  m_ObjectHideFlags: 0
  m_BuildSettings:
    serializedVersion: 2
    agentTypeID: 0
    agentRadius: 0.5
    agentHeight: 2
    agentSlope: 4
    agentClimb: 0.4
    ledgeDropHeight: 0
    maxJumpAcrossDistance: 0
    minRegionArea: 2
    manualCellSize: 0
    cellSize: 0.16666667
    manualTileSize: 0
    tileSize: 256
    accuratePlacement: 0
    maxJobWorkers: 0
    preserveTilesOutsideBounds: 0
    debug:
      m_Flags: 0
  m_NavMeshData: {fileID: 23800000, guid: 382a458deeb74244ebfe70ba8dbe6ef0, type: 2}
--- !u!1 &3194611
GameObject:
  m_ObjectHideFlags: 0
  m_CorrespondingSourceObject: {fileID: 0}
  m_PrefabInstance: {fileID: 0}
  m_PrefabAsset: {fileID: 0}
  serializedVersion: 6
  m_Component:
  - component: {fileID: 3194615}
  - component: {fileID: 3194614}
  - component: {fileID: 3194613}
  - component: {fileID: 3194612}
  m_Layer: 0
  m_Name: Water
  m_TagString: Untagged
  m_Icon: {fileID: 0}
  m_NavMeshLayer: 0
  m_StaticEditorFlags: 0
  m_IsActive: 0
--- !u!64 &3194612
MeshCollider:
  m_ObjectHideFlags: 0
  m_CorrespondingSourceObject: {fileID: 0}
  m_PrefabInstance: {fileID: 0}
  m_PrefabAsset: {fileID: 0}
  m_GameObject: {fileID: 3194611}
  m_Material: {fileID: 0}
  m_IsTrigger: 0
  m_Enabled: 0
  serializedVersion: 4
  m_Convex: 0
  m_CookingOptions: 30
  m_Mesh: {fileID: 10209, guid: 0000000000000000e000000000000000, type: 0}
--- !u!23 &3194613
MeshRenderer:
  m_ObjectHideFlags: 0
  m_CorrespondingSourceObject: {fileID: 0}
  m_PrefabInstance: {fileID: 0}
  m_PrefabAsset: {fileID: 0}
  m_GameObject: {fileID: 3194611}
  m_Enabled: 1
  m_CastShadows: 1
  m_ReceiveShadows: 1
  m_DynamicOccludee: 1
  m_MotionVectors: 1
  m_LightProbeUsage: 1
  m_ReflectionProbeUsage: 1
  m_RayTracingMode: 2
  m_RayTraceProcedural: 0
  m_RenderingLayerMask: 1
  m_RendererPriority: 0
  m_Materials:
  - {fileID: 2100000, guid: bbdc3364420d0b24999bc03774829c53, type: 2}
  m_StaticBatchInfo:
    firstSubMesh: 0
    subMeshCount: 0
  m_StaticBatchRoot: {fileID: 0}
  m_ProbeAnchor: {fileID: 0}
  m_LightProbeVolumeOverride: {fileID: 0}
  m_ScaleInLightmap: 1
  m_ReceiveGI: 1
  m_PreserveUVs: 0
  m_IgnoreNormalsForChartDetection: 0
  m_ImportantGI: 0
  m_StitchLightmapSeams: 1
  m_SelectedEditorRenderState: 3
  m_MinimumChartSize: 4
  m_AutoUVMaxDistance: 0.5
  m_AutoUVMaxAngle: 89
  m_LightmapParameters: {fileID: 0}
  m_SortingLayerID: 0
  m_SortingLayer: 0
  m_SortingOrder: 0
  m_AdditionalVertexStreams: {fileID: 0}
--- !u!33 &3194614
MeshFilter:
  m_ObjectHideFlags: 0
  m_CorrespondingSourceObject: {fileID: 0}
  m_PrefabInstance: {fileID: 0}
  m_PrefabAsset: {fileID: 0}
  m_GameObject: {fileID: 3194611}
  m_Mesh: {fileID: 10209, guid: 0000000000000000e000000000000000, type: 0}
--- !u!4 &3194615
Transform:
  m_ObjectHideFlags: 0
  m_CorrespondingSourceObject: {fileID: 0}
  m_PrefabInstance: {fileID: 0}
  m_PrefabAsset: {fileID: 0}
  m_GameObject: {fileID: 3194611}
  m_LocalRotation: {x: -0, y: -0, z: -0, w: 1}
  m_LocalPosition: {x: 0.54, y: -0.88, z: 0}
  m_LocalScale: {x: 21.444426, y: 2.7868, z: 27.868}
  m_Children: []
  m_Father: {fileID: 559434162}
  m_RootOrder: 0
  m_LocalEulerAnglesHint: {x: 0, y: 0, z: 0}
--- !u!1 &5557603
GameObject:
  m_ObjectHideFlags: 0
  m_CorrespondingSourceObject: {fileID: 0}
  m_PrefabInstance: {fileID: 0}
  m_PrefabAsset: {fileID: 0}
  serializedVersion: 6
  m_Component:
  - component: {fileID: 5557604}
  - component: {fileID: 5557607}
  - component: {fileID: 5557606}
  - component: {fileID: 5557605}
  m_Layer: 13
  m_Name: Cube (1)
  m_TagString: Untagged
  m_Icon: {fileID: 0}
  m_NavMeshLayer: 0
  m_StaticEditorFlags: 0
  m_IsActive: 1
--- !u!4 &5557604
Transform:
  m_ObjectHideFlags: 0
  m_CorrespondingSourceObject: {fileID: 0}
  m_PrefabInstance: {fileID: 0}
  m_PrefabAsset: {fileID: 0}
  m_GameObject: {fileID: 5557603}
  m_LocalRotation: {x: 0, y: 0, z: 0, w: 1}
  m_LocalPosition: {x: 5.2, y: 10.2, z: 40.8}
  m_LocalScale: {x: 1, y: 35.908, z: 188.34232}
  m_Children: []
  m_Father: {fileID: 1388226195}
  m_RootOrder: 1
  m_LocalEulerAnglesHint: {x: 0, y: 0, z: 0}
--- !u!65 &5557605
BoxCollider:
  m_ObjectHideFlags: 0
  m_CorrespondingSourceObject: {fileID: 0}
  m_PrefabInstance: {fileID: 0}
  m_PrefabAsset: {fileID: 0}
  m_GameObject: {fileID: 5557603}
  m_Material: {fileID: 0}
  m_IsTrigger: 0
  m_Enabled: 1
  serializedVersion: 2
  m_Size: {x: 1, y: 1, z: 1}
  m_Center: {x: 0, y: 0, z: 0}
--- !u!23 &5557606
MeshRenderer:
  m_ObjectHideFlags: 0
  m_CorrespondingSourceObject: {fileID: 0}
  m_PrefabInstance: {fileID: 0}
  m_PrefabAsset: {fileID: 0}
  m_GameObject: {fileID: 5557603}
  m_Enabled: 0
  m_CastShadows: 1
  m_ReceiveShadows: 1
  m_DynamicOccludee: 1
  m_MotionVectors: 1
  m_LightProbeUsage: 1
  m_ReflectionProbeUsage: 1
  m_RayTracingMode: 2
  m_RayTraceProcedural: 0
  m_RenderingLayerMask: 1
  m_RendererPriority: 0
  m_Materials:
  - {fileID: 10303, guid: 0000000000000000f000000000000000, type: 0}
  m_StaticBatchInfo:
    firstSubMesh: 0
    subMeshCount: 0
  m_StaticBatchRoot: {fileID: 0}
  m_ProbeAnchor: {fileID: 0}
  m_LightProbeVolumeOverride: {fileID: 0}
  m_ScaleInLightmap: 1
  m_ReceiveGI: 1
  m_PreserveUVs: 0
  m_IgnoreNormalsForChartDetection: 0
  m_ImportantGI: 0
  m_StitchLightmapSeams: 1
  m_SelectedEditorRenderState: 3
  m_MinimumChartSize: 4
  m_AutoUVMaxDistance: 0.5
  m_AutoUVMaxAngle: 89
  m_LightmapParameters: {fileID: 0}
  m_SortingLayerID: 0
  m_SortingLayer: 0
  m_SortingOrder: 0
  m_AdditionalVertexStreams: {fileID: 0}
--- !u!33 &5557607
MeshFilter:
  m_ObjectHideFlags: 0
  m_CorrespondingSourceObject: {fileID: 0}
  m_PrefabInstance: {fileID: 0}
  m_PrefabAsset: {fileID: 0}
  m_GameObject: {fileID: 5557603}
  m_Mesh: {fileID: 10202, guid: 0000000000000000e000000000000000, type: 0}
--- !u!4 &11300125 stripped
Transform:
  m_CorrespondingSourceObject: {fileID: 3270729672262456471, guid: 474b050d5d81ef640bc691198cccba95,
    type: 3}
  m_PrefabInstance: {fileID: 294205151527985562}
  m_PrefabAsset: {fileID: 0}
--- !u!4 &45075746 stripped
Transform:
  m_CorrespondingSourceObject: {fileID: 8604976491994765659, guid: f4d0652402c475245adf5ce233bb93e3,
    type: 3}
  m_PrefabInstance: {fileID: 151816334}
  m_PrefabAsset: {fileID: 0}
--- !u!1 &88087974
GameObject:
  m_ObjectHideFlags: 0
  m_CorrespondingSourceObject: {fileID: 0}
  m_PrefabInstance: {fileID: 0}
  m_PrefabAsset: {fileID: 0}
  serializedVersion: 6
  m_Component:
  - component: {fileID: 88087976}
  - component: {fileID: 88087975}
  m_Layer: 0
  m_Name: Level Design
  m_TagString: Untagged
  m_Icon: {fileID: 0}
  m_NavMeshLayer: 0
  m_StaticEditorFlags: 4294967295
  m_IsActive: 1
--- !u!114 &88087975
MonoBehaviour:
  m_ObjectHideFlags: 10
  m_CorrespondingSourceObject: {fileID: 0}
  m_PrefabInstance: {fileID: 0}
  m_PrefabAsset: {fileID: 0}
  m_GameObject: {fileID: 88087974}
  m_Enabled: 1
  m_EditorHideFlags: 0
  m_Script: {fileID: 11500000, guid: a986e817300de88499b25c6dd04ca872, type: 3}
  m_Name: 
  m_EditorClassIdentifier: 
--- !u!4 &88087976
Transform:
  m_ObjectHideFlags: 10
  m_CorrespondingSourceObject: {fileID: 0}
  m_PrefabInstance: {fileID: 0}
  m_PrefabAsset: {fileID: 0}
  m_GameObject: {fileID: 88087974}
  m_LocalRotation: {x: 0, y: 0, z: 0, w: 1}
  m_LocalPosition: {x: 0, y: 0, z: 0}
  m_LocalScale: {x: 1, y: 1, z: 1}
  m_Children: []
  m_Father: {fileID: 0}
  m_RootOrder: 9
  m_LocalEulerAnglesHint: {x: 0, y: 0, z: 0}
--- !u!1001 &151816334
PrefabInstance:
  m_ObjectHideFlags: 0
  serializedVersion: 2
  m_Modification:
    m_TransformParent: {fileID: 457141336}
    m_Modifications:
    - target: {fileID: 8604976491994765656, guid: f4d0652402c475245adf5ce233bb93e3,
        type: 3}
      propertyPath: m_Name
      value: SocialManagerPrefab
      objectReference: {fileID: 0}
    - target: {fileID: 8604976491994765659, guid: f4d0652402c475245adf5ce233bb93e3,
        type: 3}
      propertyPath: m_LocalPosition.x
      value: 0
      objectReference: {fileID: 0}
    - target: {fileID: 8604976491994765659, guid: f4d0652402c475245adf5ce233bb93e3,
        type: 3}
      propertyPath: m_LocalPosition.y
      value: 0
      objectReference: {fileID: 0}
    - target: {fileID: 8604976491994765659, guid: f4d0652402c475245adf5ce233bb93e3,
        type: 3}
      propertyPath: m_LocalPosition.z
      value: 0
      objectReference: {fileID: 0}
    - target: {fileID: 8604976491994765659, guid: f4d0652402c475245adf5ce233bb93e3,
        type: 3}
      propertyPath: m_LocalRotation.x
      value: -0
      objectReference: {fileID: 0}
    - target: {fileID: 8604976491994765659, guid: f4d0652402c475245adf5ce233bb93e3,
        type: 3}
      propertyPath: m_LocalRotation.y
      value: -0
      objectReference: {fileID: 0}
    - target: {fileID: 8604976491994765659, guid: f4d0652402c475245adf5ce233bb93e3,
        type: 3}
      propertyPath: m_LocalRotation.z
      value: -0
      objectReference: {fileID: 0}
    - target: {fileID: 8604976491994765659, guid: f4d0652402c475245adf5ce233bb93e3,
        type: 3}
      propertyPath: m_LocalRotation.w
      value: 1
      objectReference: {fileID: 0}
    - target: {fileID: 8604976491994765659, guid: f4d0652402c475245adf5ce233bb93e3,
        type: 3}
      propertyPath: m_RootOrder
      value: 0
      objectReference: {fileID: 0}
    - target: {fileID: 8604976491994765659, guid: f4d0652402c475245adf5ce233bb93e3,
        type: 3}
      propertyPath: m_LocalEulerAnglesHint.x
      value: 0
      objectReference: {fileID: 0}
    - target: {fileID: 8604976491994765659, guid: f4d0652402c475245adf5ce233bb93e3,
        type: 3}
      propertyPath: m_LocalEulerAnglesHint.y
      value: 0
      objectReference: {fileID: 0}
    - target: {fileID: 8604976491994765659, guid: f4d0652402c475245adf5ce233bb93e3,
        type: 3}
      propertyPath: m_LocalEulerAnglesHint.z
      value: 0
      objectReference: {fileID: 0}
    m_RemovedComponents: []
  m_SourcePrefab: {fileID: 100100000, guid: f4d0652402c475245adf5ce233bb93e3, type: 3}
--- !u!1001 &341682389
PrefabInstance:
  m_ObjectHideFlags: 0
  serializedVersion: 2
  m_Modification:
    m_TransformParent: {fileID: 0}
    m_Modifications:
    - target: {fileID: 7362143828638504004, guid: 0b99506fd2f171a4e8275ccb9b4741ae,
        type: 3}
      propertyPath: m_LocalPosition.x
      value: 0
      objectReference: {fileID: 0}
    - target: {fileID: 7362143828638504004, guid: 0b99506fd2f171a4e8275ccb9b4741ae,
        type: 3}
      propertyPath: m_LocalPosition.y
      value: 0
      objectReference: {fileID: 0}
    - target: {fileID: 7362143828638504004, guid: 0b99506fd2f171a4e8275ccb9b4741ae,
        type: 3}
      propertyPath: m_LocalPosition.z
      value: 0
      objectReference: {fileID: 0}
    - target: {fileID: 7362143828638504004, guid: 0b99506fd2f171a4e8275ccb9b4741ae,
        type: 3}
      propertyPath: m_LocalRotation.x
      value: 0
      objectReference: {fileID: 0}
    - target: {fileID: 7362143828638504004, guid: 0b99506fd2f171a4e8275ccb9b4741ae,
        type: 3}
      propertyPath: m_LocalRotation.y
      value: 0
      objectReference: {fileID: 0}
    - target: {fileID: 7362143828638504004, guid: 0b99506fd2f171a4e8275ccb9b4741ae,
        type: 3}
      propertyPath: m_LocalRotation.z
      value: 0
      objectReference: {fileID: 0}
    - target: {fileID: 7362143828638504004, guid: 0b99506fd2f171a4e8275ccb9b4741ae,
        type: 3}
      propertyPath: m_LocalRotation.w
      value: 1
      objectReference: {fileID: 0}
    - target: {fileID: 7362143828638504004, guid: 0b99506fd2f171a4e8275ccb9b4741ae,
        type: 3}
      propertyPath: m_RootOrder
      value: 2
      objectReference: {fileID: 0}
    - target: {fileID: 7362143828638504004, guid: 0b99506fd2f171a4e8275ccb9b4741ae,
        type: 3}
      propertyPath: m_LocalEulerAnglesHint.x
      value: 0
      objectReference: {fileID: 0}
    - target: {fileID: 7362143828638504004, guid: 0b99506fd2f171a4e8275ccb9b4741ae,
        type: 3}
      propertyPath: m_LocalEulerAnglesHint.y
      value: 0
      objectReference: {fileID: 0}
    - target: {fileID: 7362143828638504004, guid: 0b99506fd2f171a4e8275ccb9b4741ae,
        type: 3}
      propertyPath: m_LocalEulerAnglesHint.z
      value: 0
      objectReference: {fileID: 0}
    - target: {fileID: 7362143828638504006, guid: 0b99506fd2f171a4e8275ccb9b4741ae,
        type: 3}
      propertyPath: m_Name
      value: Game Manager 8SEC
      objectReference: {fileID: 0}
    m_RemovedComponents: []
  m_SourcePrefab: {fileID: 100100000, guid: 0b99506fd2f171a4e8275ccb9b4741ae, type: 3}
--- !u!1 &457141334
GameObject:
  m_ObjectHideFlags: 0
  m_CorrespondingSourceObject: {fileID: 0}
  m_PrefabInstance: {fileID: 0}
  m_PrefabAsset: {fileID: 0}
  serializedVersion: 6
  m_Component:
  - component: {fileID: 457141336}
  - component: {fileID: 457141335}
  m_Layer: 0
  m_Name: IAP and Analytic
  m_TagString: Untagged
  m_Icon: {fileID: 0}
  m_NavMeshLayer: 0
  m_StaticEditorFlags: 4294967295
  m_IsActive: 1
--- !u!114 &457141335
MonoBehaviour:
  m_ObjectHideFlags: 10
  m_CorrespondingSourceObject: {fileID: 0}
  m_PrefabInstance: {fileID: 0}
  m_PrefabAsset: {fileID: 0}
  m_GameObject: {fileID: 457141334}
  m_Enabled: 1
  m_EditorHideFlags: 0
  m_Script: {fileID: 11500000, guid: a986e817300de88499b25c6dd04ca872, type: 3}
  m_Name: 
  m_EditorClassIdentifier: 
--- !u!4 &457141336
Transform:
  m_ObjectHideFlags: 10
  m_CorrespondingSourceObject: {fileID: 0}
  m_PrefabInstance: {fileID: 0}
  m_PrefabAsset: {fileID: 0}
  m_GameObject: {fileID: 457141334}
  m_LocalRotation: {x: 0, y: 0, z: 0, w: 1}
  m_LocalPosition: {x: 0, y: 0, z: 0}
  m_LocalScale: {x: 1, y: 1, z: 1}
  m_Children:
  - {fileID: 45075746}
  - {fileID: 784848362}
  - {fileID: 1540988996}
  m_Father: {fileID: 0}
  m_RootOrder: 15
  m_LocalEulerAnglesHint: {x: 0, y: 0, z: 0}
--- !u!1 &559434160
GameObject:
  m_ObjectHideFlags: 0
  m_CorrespondingSourceObject: {fileID: 0}
  m_PrefabInstance: {fileID: 0}
  m_PrefabAsset: {fileID: 0}
  serializedVersion: 6
  m_Component:
  - component: {fileID: 559434162}
  - component: {fileID: 559434161}
  m_Layer: 0
  m_Name: Levet Art
  m_TagString: Untagged
  m_Icon: {fileID: 0}
  m_NavMeshLayer: 0
  m_StaticEditorFlags: 4294967295
  m_IsActive: 1
--- !u!114 &559434161
MonoBehaviour:
  m_ObjectHideFlags: 10
  m_CorrespondingSourceObject: {fileID: 0}
  m_PrefabInstance: {fileID: 0}
  m_PrefabAsset: {fileID: 0}
  m_GameObject: {fileID: 559434160}
  m_Enabled: 1
  m_EditorHideFlags: 0
  m_Script: {fileID: 11500000, guid: a986e817300de88499b25c6dd04ca872, type: 3}
  m_Name: 
  m_EditorClassIdentifier: 
--- !u!4 &559434162
Transform:
  m_ObjectHideFlags: 10
  m_CorrespondingSourceObject: {fileID: 0}
  m_PrefabInstance: {fileID: 0}
  m_PrefabAsset: {fileID: 0}
  m_GameObject: {fileID: 559434160}
  m_LocalRotation: {x: 0, y: 0, z: 0, w: 1}
  m_LocalPosition: {x: 0, y: 0, z: 0}
  m_LocalScale: {x: 1, y: 1, z: 1}
  m_Children:
  - {fileID: 3194615}
  - {fileID: 2087234909}
  - {fileID: 591044642}
  m_Father: {fileID: 0}
  m_RootOrder: 11
  m_LocalEulerAnglesHint: {x: 0, y: 0, z: 0}
--- !u!1001 &591044641
PrefabInstance:
  m_ObjectHideFlags: 0
  serializedVersion: 2
  m_Modification:
    m_TransformParent: {fileID: 559434162}
    m_Modifications:
    - target: {fileID: 9002981710625983778, guid: eee47195e675a2942a343f37deaddf8e,
        type: 3}
      propertyPath: m_LocalPosition.x
      value: 5.9
      objectReference: {fileID: 0}
    - target: {fileID: 9002981710625983778, guid: eee47195e675a2942a343f37deaddf8e,
        type: 3}
      propertyPath: m_LocalPosition.y
      value: -1.2
      objectReference: {fileID: 0}
    - target: {fileID: 9002981710625983778, guid: eee47195e675a2942a343f37deaddf8e,
        type: 3}
      propertyPath: m_LocalPosition.z
      value: 62.9
      objectReference: {fileID: 0}
    - target: {fileID: 9002981710625983778, guid: eee47195e675a2942a343f37deaddf8e,
        type: 3}
      propertyPath: m_LocalRotation.x
      value: -0
      objectReference: {fileID: 0}
    - target: {fileID: 9002981710625983778, guid: eee47195e675a2942a343f37deaddf8e,
        type: 3}
      propertyPath: m_LocalRotation.y
      value: -0
      objectReference: {fileID: 0}
    - target: {fileID: 9002981710625983778, guid: eee47195e675a2942a343f37deaddf8e,
        type: 3}
      propertyPath: m_LocalRotation.z
      value: -0
      objectReference: {fileID: 0}
    - target: {fileID: 9002981710625983778, guid: eee47195e675a2942a343f37deaddf8e,
        type: 3}
      propertyPath: m_LocalRotation.w
      value: 1
      objectReference: {fileID: 0}
    - target: {fileID: 9002981710625983778, guid: eee47195e675a2942a343f37deaddf8e,
        type: 3}
      propertyPath: m_RootOrder
      value: 2
      objectReference: {fileID: 0}
    - target: {fileID: 9002981710625983778, guid: eee47195e675a2942a343f37deaddf8e,
        type: 3}
      propertyPath: m_LocalEulerAnglesHint.x
      value: 0
      objectReference: {fileID: 0}
    - target: {fileID: 9002981710625983778, guid: eee47195e675a2942a343f37deaddf8e,
        type: 3}
      propertyPath: m_LocalEulerAnglesHint.y
      value: 0
      objectReference: {fileID: 0}
    - target: {fileID: 9002981710625983778, guid: eee47195e675a2942a343f37deaddf8e,
        type: 3}
      propertyPath: m_LocalEulerAnglesHint.z
      value: 0
      objectReference: {fileID: 0}
    - target: {fileID: 9002981710625983779, guid: eee47195e675a2942a343f37deaddf8e,
        type: 3}
      propertyPath: m_Mesh
      value: 
      objectReference: {fileID: 1333335303}
    - target: {fileID: 9002981710625983838, guid: eee47195e675a2942a343f37deaddf8e,
        type: 3}
      propertyPath: m_Mesh
      value: 
      objectReference: {fileID: 1333335303}
    - target: {fileID: 9002981710625983839, guid: eee47195e675a2942a343f37deaddf8e,
        type: 3}
      propertyPath: m_Name
      value: Ground
      objectReference: {fileID: 0}
    - target: {fileID: 9002981710625983839, guid: eee47195e675a2942a343f37deaddf8e,
        type: 3}
      propertyPath: m_IsActive
      value: 0
      objectReference: {fileID: 0}
    m_RemovedComponents: []
  m_SourcePrefab: {fileID: 100100000, guid: eee47195e675a2942a343f37deaddf8e, type: 3}
--- !u!4 &591044642 stripped
Transform:
  m_CorrespondingSourceObject: {fileID: 9002981710625983778, guid: eee47195e675a2942a343f37deaddf8e,
    type: 3}
  m_PrefabInstance: {fileID: 591044641}
  m_PrefabAsset: {fileID: 0}
--- !u!1 &744342613
GameObject:
  m_ObjectHideFlags: 0
  m_CorrespondingSourceObject: {fileID: 0}
  m_PrefabInstance: {fileID: 0}
  m_PrefabAsset: {fileID: 0}
  serializedVersion: 6
  m_Component:
  - component: {fileID: 744342614}
  - component: {fileID: 744342617}
  - component: {fileID: 744342616}
  - component: {fileID: 744342615}
  m_Layer: 13
  m_Name: Cube
  m_TagString: Untagged
  m_Icon: {fileID: 0}
  m_NavMeshLayer: 0
  m_StaticEditorFlags: 0
  m_IsActive: 1
--- !u!4 &744342614
Transform:
  m_ObjectHideFlags: 0
  m_CorrespondingSourceObject: {fileID: 0}
  m_PrefabInstance: {fileID: 0}
  m_PrefabAsset: {fileID: 0}
  m_GameObject: {fileID: 744342613}
  m_LocalRotation: {x: 0, y: 0, z: 0, w: 1}
  m_LocalPosition: {x: -4.78, y: 10.2, z: 40.8}
  m_LocalScale: {x: 1, y: 35.908, z: 188.34232}
  m_Children: []
  m_Father: {fileID: 1388226195}
  m_RootOrder: 0
  m_LocalEulerAnglesHint: {x: 0, y: 0, z: 0}
--- !u!65 &744342615
BoxCollider:
  m_ObjectHideFlags: 0
  m_CorrespondingSourceObject: {fileID: 0}
  m_PrefabInstance: {fileID: 0}
  m_PrefabAsset: {fileID: 0}
  m_GameObject: {fileID: 744342613}
  m_Material: {fileID: 0}
  m_IsTrigger: 0
  m_Enabled: 1
  serializedVersion: 2
  m_Size: {x: 1, y: 1, z: 1}
  m_Center: {x: 0, y: 0, z: 0}
--- !u!23 &744342616
MeshRenderer:
  m_ObjectHideFlags: 0
  m_CorrespondingSourceObject: {fileID: 0}
  m_PrefabInstance: {fileID: 0}
  m_PrefabAsset: {fileID: 0}
  m_GameObject: {fileID: 744342613}
  m_Enabled: 0
  m_CastShadows: 1
  m_ReceiveShadows: 1
  m_DynamicOccludee: 1
  m_MotionVectors: 1
  m_LightProbeUsage: 1
  m_ReflectionProbeUsage: 1
  m_RayTracingMode: 2
  m_RayTraceProcedural: 0
  m_RenderingLayerMask: 1
  m_RendererPriority: 0
  m_Materials:
  - {fileID: 10303, guid: 0000000000000000f000000000000000, type: 0}
  m_StaticBatchInfo:
    firstSubMesh: 0
    subMeshCount: 0
  m_StaticBatchRoot: {fileID: 0}
  m_ProbeAnchor: {fileID: 0}
  m_LightProbeVolumeOverride: {fileID: 0}
  m_ScaleInLightmap: 1
  m_ReceiveGI: 1
  m_PreserveUVs: 0
  m_IgnoreNormalsForChartDetection: 0
  m_ImportantGI: 0
  m_StitchLightmapSeams: 1
  m_SelectedEditorRenderState: 3
  m_MinimumChartSize: 4
  m_AutoUVMaxDistance: 0.5
  m_AutoUVMaxAngle: 89
  m_LightmapParameters: {fileID: 0}
  m_SortingLayerID: 0
  m_SortingLayer: 0
  m_SortingOrder: 0
  m_AdditionalVertexStreams: {fileID: 0}
--- !u!33 &744342617
MeshFilter:
  m_ObjectHideFlags: 0
  m_CorrespondingSourceObject: {fileID: 0}
  m_PrefabInstance: {fileID: 0}
  m_PrefabAsset: {fileID: 0}
  m_GameObject: {fileID: 744342613}
  m_Mesh: {fileID: 10202, guid: 0000000000000000e000000000000000, type: 0}
--- !u!4 &784848362 stripped
Transform:
  m_CorrespondingSourceObject: {fileID: 465288, guid: a9d27d37bab3c447b8eb7a2a6756e952,
    type: 3}
  m_PrefabInstance: {fileID: 963650950}
  m_PrefabAsset: {fileID: 0}
--- !u!1 &793794533 stripped
GameObject:
  m_CorrespondingSourceObject: {fileID: 8319942324126156901, guid: ff980ad07fc175d4289410abbb0c4d0b,
    type: 3}
  m_PrefabInstance: {fileID: 8319942323401613184}
  m_PrefabAsset: {fileID: 0}
--- !u!20 &793794535 stripped
Camera:
  m_CorrespondingSourceObject: {fileID: 8319942324126156903, guid: ff980ad07fc175d4289410abbb0c4d0b,
    type: 3}
  m_PrefabInstance: {fileID: 8319942323401613184}
  m_PrefabAsset: {fileID: 0}
--- !u!1 &862208396
GameObject:
  m_ObjectHideFlags: 0
  m_CorrespondingSourceObject: {fileID: 0}
  m_PrefabInstance: {fileID: 0}
  m_PrefabAsset: {fileID: 0}
  serializedVersion: 6
  m_Component:
  - component: {fileID: 862208398}
  - component: {fileID: 862208397}
  m_Layer: 0
  m_Name: Restart Scene
  m_TagString: Untagged
  m_Icon: {fileID: 0}
  m_NavMeshLayer: 0
  m_StaticEditorFlags: 0
  m_IsActive: 1
--- !u!114 &862208397
MonoBehaviour:
  m_ObjectHideFlags: 0
  m_CorrespondingSourceObject: {fileID: 0}
  m_PrefabInstance: {fileID: 0}
  m_PrefabAsset: {fileID: 0}
  m_GameObject: {fileID: 862208396}
  m_Enabled: 1
  m_EditorHideFlags: 0
  m_Script: {fileID: 11500000, guid: 0e1ff3b20e6a72d429e9f5d34b7ea789, type: 3}
  m_Name: 
  m_EditorClassIdentifier: 
  keyCode: 286
--- !u!4 &862208398
Transform:
  m_ObjectHideFlags: 0
  m_CorrespondingSourceObject: {fileID: 0}
  m_PrefabInstance: {fileID: 0}
  m_PrefabAsset: {fileID: 0}
  m_GameObject: {fileID: 862208396}
  m_LocalRotation: {x: 0, y: 0, z: 0, w: 1}
  m_LocalPosition: {x: 0, y: 0, z: 0}
  m_LocalScale: {x: 1, y: 1, z: 1}
  m_Children: []
  m_Father: {fileID: 0}
  m_RootOrder: 12
  m_LocalEulerAnglesHint: {x: 0, y: 0, z: 0}
--- !u!850595691 &924695635
LightingSettings:
  m_ObjectHideFlags: 0
  m_CorrespondingSourceObject: {fileID: 0}
  m_PrefabInstance: {fileID: 0}
  m_PrefabAsset: {fileID: 0}
  m_Name: 
  serializedVersion: 2
  m_GIWorkflowMode: 1
  m_EnableBakedLightmaps: 1
  m_EnableRealtimeLightmaps: 1
  m_RealtimeEnvironmentLighting: 1
  m_BounceScale: 1
  m_AlbedoBoost: 1
  m_IndirectOutputScale: 1
  m_UsingShadowmask: 1
  m_BakeBackend: 1
  m_LightmapMaxSize: 1024
  m_BakeResolution: 40
  m_Padding: 2
  m_TextureCompression: 1
  m_AO: 0
  m_AOMaxDistance: 1
  m_CompAOExponent: 1
  m_CompAOExponentDirect: 0
  m_ExtractAO: 0
  m_MixedBakeMode: 2
  m_LightmapsBakeMode: 1
  m_FilterMode: 1
  m_LightmapParameters: {fileID: 0}
  m_ExportTrainingData: 0
  m_TrainingDataDestination: TrainingData
  m_RealtimeResolution: 2
  m_ForceWhiteAlbedo: 0
  m_ForceUpdates: 0
  m_FinalGather: 0
  m_FinalGatherRayCount: 256
  m_FinalGatherFiltering: 1
  m_PVRCulling: 1
  m_PVRSampling: 1
  m_PVRDirectSampleCount: 32
  m_PVRSampleCount: 512
  m_PVREnvironmentSampleCount: 256
  m_PVREnvironmentReferencePointCount: 2048
  m_LightProbeSampleCountMultiplier: 4
  m_PVRBounces: 2
  m_PVRRussianRouletteStartBounce: 2
  m_PVREnvironmentMIS: 1
  m_PVRFilteringMode: 1
  m_PVRDenoiserTypeDirect: 1
  m_PVRDenoiserTypeIndirect: 1
  m_PVRDenoiserTypeAO: 1
  m_PVRFilterTypeDirect: 0
  m_PVRFilterTypeIndirect: 0
  m_PVRFilterTypeAO: 0
  m_PVRFilteringGaussRadiusDirect: 1
  m_PVRFilteringGaussRadiusIndirect: 5
  m_PVRFilteringGaussRadiusAO: 2
  m_PVRFilteringAtrousPositionSigmaDirect: 0.5
  m_PVRFilteringAtrousPositionSigmaIndirect: 2
  m_PVRFilteringAtrousPositionSigmaAO: 1
--- !u!1001 &963650950
PrefabInstance:
  m_ObjectHideFlags: 0
  serializedVersion: 2
  m_Modification:
    m_TransformParent: {fileID: 457141336}
    m_Modifications:
    - target: {fileID: 165288, guid: a9d27d37bab3c447b8eb7a2a6756e952, type: 3}
      propertyPath: m_Name
      value: GameAnalytics
      objectReference: {fileID: 0}
    - target: {fileID: 465288, guid: a9d27d37bab3c447b8eb7a2a6756e952, type: 3}
      propertyPath: m_LocalPosition.x
      value: 0
      objectReference: {fileID: 0}
    - target: {fileID: 465288, guid: a9d27d37bab3c447b8eb7a2a6756e952, type: 3}
      propertyPath: m_LocalPosition.y
      value: 0
      objectReference: {fileID: 0}
    - target: {fileID: 465288, guid: a9d27d37bab3c447b8eb7a2a6756e952, type: 3}
      propertyPath: m_LocalPosition.z
      value: 0
      objectReference: {fileID: 0}
    - target: {fileID: 465288, guid: a9d27d37bab3c447b8eb7a2a6756e952, type: 3}
      propertyPath: m_LocalRotation.x
      value: -0
      objectReference: {fileID: 0}
    - target: {fileID: 465288, guid: a9d27d37bab3c447b8eb7a2a6756e952, type: 3}
      propertyPath: m_LocalRotation.y
      value: -0
      objectReference: {fileID: 0}
    - target: {fileID: 465288, guid: a9d27d37bab3c447b8eb7a2a6756e952, type: 3}
      propertyPath: m_LocalRotation.z
      value: -0
      objectReference: {fileID: 0}
    - target: {fileID: 465288, guid: a9d27d37bab3c447b8eb7a2a6756e952, type: 3}
      propertyPath: m_LocalRotation.w
      value: 1
      objectReference: {fileID: 0}
    - target: {fileID: 465288, guid: a9d27d37bab3c447b8eb7a2a6756e952, type: 3}
      propertyPath: m_RootOrder
      value: 1
      objectReference: {fileID: 0}
    - target: {fileID: 465288, guid: a9d27d37bab3c447b8eb7a2a6756e952, type: 3}
      propertyPath: m_LocalEulerAnglesHint.x
      value: 0
      objectReference: {fileID: 0}
    - target: {fileID: 465288, guid: a9d27d37bab3c447b8eb7a2a6756e952, type: 3}
      propertyPath: m_LocalEulerAnglesHint.y
      value: 0
      objectReference: {fileID: 0}
    - target: {fileID: 465288, guid: a9d27d37bab3c447b8eb7a2a6756e952, type: 3}
      propertyPath: m_LocalEulerAnglesHint.z
      value: 0
      objectReference: {fileID: 0}
    m_RemovedComponents: []
  m_SourcePrefab: {fileID: 100100000, guid: a9d27d37bab3c447b8eb7a2a6756e952, type: 3}
--- !u!1 &1048883945
GameObject:
  m_ObjectHideFlags: 19
  m_CorrespondingSourceObject: {fileID: 0}
  m_PrefabInstance: {fileID: 0}
  m_PrefabAsset: {fileID: 0}
  serializedVersion: 6
  m_Component:
  - component: {fileID: 1048883947}
  - component: {fileID: 1048883946}
  m_Layer: 0
  m_Name: PrefabPainterSceneSettings
  m_TagString: Untagged
  m_Icon: {fileID: 0}
  m_NavMeshLayer: 0
  m_StaticEditorFlags: 0
  m_IsActive: 1
--- !u!114 &1048883946
MonoBehaviour:
  m_ObjectHideFlags: 19
  m_CorrespondingSourceObject: {fileID: 0}
  m_PrefabInstance: {fileID: 0}
  m_PrefabAsset: {fileID: 0}
  m_GameObject: {fileID: 1048883945}
  m_Enabled: 1
  m_EditorHideFlags: 0
  m_Script: {fileID: 11500000, guid: 5d0d71238b38a4a38b35b955fbf5c019, type: 3}
  m_Name: 
  m_EditorClassIdentifier: 
  parentForPrefabs: {fileID: 0}
--- !u!4 &1048883947
Transform:
  m_ObjectHideFlags: 19
  m_CorrespondingSourceObject: {fileID: 0}
  m_PrefabInstance: {fileID: 0}
  m_PrefabAsset: {fileID: 0}
  m_GameObject: {fileID: 1048883945}
  m_LocalRotation: {x: 0, y: 0, z: 0, w: 1}
  m_LocalPosition: {x: 0, y: 0, z: 0}
  m_LocalScale: {x: 1, y: 1, z: 1}
  m_Children: []
  m_Father: {fileID: 0}
  m_RootOrder: 13
  m_LocalEulerAnglesHint: {x: 0, y: 0, z: 0}
--- !u!1001 &1312359293
PrefabInstance:
  m_ObjectHideFlags: 0
  serializedVersion: 2
  m_Modification:
    m_TransformParent: {fileID: 0}
    m_Modifications:
    - target: {fileID: 3571419581829912695, guid: 1dce2307070749a43af51b3b0c67a382,
        type: 3}
      propertyPath: m_Name
      value: UI TEMPLATE
      objectReference: {fileID: 0}
    - target: {fileID: 3641928241754641245, guid: 1dce2307070749a43af51b3b0c67a382,
        type: 3}
      propertyPath: m_LocalPosition.x
      value: 0
      objectReference: {fileID: 0}
    - target: {fileID: 3641928241754641245, guid: 1dce2307070749a43af51b3b0c67a382,
        type: 3}
      propertyPath: m_LocalPosition.y
      value: 0
      objectReference: {fileID: 0}
    - target: {fileID: 3641928241754641245, guid: 1dce2307070749a43af51b3b0c67a382,
        type: 3}
      propertyPath: m_LocalPosition.z
      value: 0
      objectReference: {fileID: 0}
    - target: {fileID: 3641928241754641245, guid: 1dce2307070749a43af51b3b0c67a382,
        type: 3}
      propertyPath: m_LocalRotation.x
      value: 0
      objectReference: {fileID: 0}
    - target: {fileID: 3641928241754641245, guid: 1dce2307070749a43af51b3b0c67a382,
        type: 3}
      propertyPath: m_LocalRotation.y
      value: 0
      objectReference: {fileID: 0}
    - target: {fileID: 3641928241754641245, guid: 1dce2307070749a43af51b3b0c67a382,
        type: 3}
      propertyPath: m_LocalRotation.z
      value: 0
      objectReference: {fileID: 0}
    - target: {fileID: 3641928241754641245, guid: 1dce2307070749a43af51b3b0c67a382,
        type: 3}
      propertyPath: m_LocalRotation.w
      value: 1
      objectReference: {fileID: 0}
    - target: {fileID: 3641928241754641245, guid: 1dce2307070749a43af51b3b0c67a382,
        type: 3}
      propertyPath: m_RootOrder
      value: 14
      objectReference: {fileID: 0}
    - target: {fileID: 3641928241754641245, guid: 1dce2307070749a43af51b3b0c67a382,
        type: 3}
      propertyPath: m_LocalEulerAnglesHint.x
      value: 0
      objectReference: {fileID: 0}
    - target: {fileID: 3641928241754641245, guid: 1dce2307070749a43af51b3b0c67a382,
        type: 3}
      propertyPath: m_LocalEulerAnglesHint.y
      value: 0
      objectReference: {fileID: 0}
    - target: {fileID: 3641928241754641245, guid: 1dce2307070749a43af51b3b0c67a382,
        type: 3}
      propertyPath: m_LocalEulerAnglesHint.z
      value: 0
      objectReference: {fileID: 0}
    - target: {fileID: 3641928241754641245, guid: 1dce2307070749a43af51b3b0c67a382,
        type: 3}
      propertyPath: m_AnchoredPosition.x
      value: 0
      objectReference: {fileID: 0}
    - target: {fileID: 3641928241754641245, guid: 1dce2307070749a43af51b3b0c67a382,
        type: 3}
      propertyPath: m_AnchoredPosition.y
      value: 0
      objectReference: {fileID: 0}
    - target: {fileID: 3641928241754641245, guid: 1dce2307070749a43af51b3b0c67a382,
        type: 3}
      propertyPath: m_SizeDelta.x
      value: 0
      objectReference: {fileID: 0}
    - target: {fileID: 3641928241754641245, guid: 1dce2307070749a43af51b3b0c67a382,
        type: 3}
      propertyPath: m_SizeDelta.y
      value: 0
      objectReference: {fileID: 0}
    - target: {fileID: 3641928241754641245, guid: 1dce2307070749a43af51b3b0c67a382,
        type: 3}
      propertyPath: m_AnchorMin.x
      value: 0
      objectReference: {fileID: 0}
    - target: {fileID: 3641928241754641245, guid: 1dce2307070749a43af51b3b0c67a382,
        type: 3}
      propertyPath: m_AnchorMin.y
      value: 0
      objectReference: {fileID: 0}
    - target: {fileID: 3641928241754641245, guid: 1dce2307070749a43af51b3b0c67a382,
        type: 3}
      propertyPath: m_AnchorMax.x
      value: 0
      objectReference: {fileID: 0}
    - target: {fileID: 3641928241754641245, guid: 1dce2307070749a43af51b3b0c67a382,
        type: 3}
      propertyPath: m_AnchorMax.y
      value: 0
      objectReference: {fileID: 0}
    - target: {fileID: 3641928241754641245, guid: 1dce2307070749a43af51b3b0c67a382,
        type: 3}
      propertyPath: m_Pivot.x
      value: 0
      objectReference: {fileID: 0}
    - target: {fileID: 3641928241754641245, guid: 1dce2307070749a43af51b3b0c67a382,
        type: 3}
      propertyPath: m_Pivot.y
      value: 0
      objectReference: {fileID: 0}
    m_RemovedComponents: []
  m_SourcePrefab: {fileID: 100100000, guid: 1dce2307070749a43af51b3b0c67a382, type: 3}
--- !u!43 &1333335303
Mesh:
  m_ObjectHideFlags: 0
  m_CorrespondingSourceObject: {fileID: 0}
  m_PrefabInstance: {fileID: 0}
  m_PrefabAsset: {fileID: 0}
  m_Name: pb_Mesh-871638
  serializedVersion: 10
  m_SubMeshes:
  - serializedVersion: 2
    firstByte: 0
    indexCount: 36
    topology: 0
    baseVertex: 0
    firstVertex: 0
    vertexCount: 24
    localAABB:
      m_Center: {x: -8.25, y: 0.20057392, z: -28.07832}
      m_Extent: {x: 9.25, y: 0.20057392, z: 72.67168}
  m_Shapes:
    vertices: []
    shapes: []
    channels: []
    fullWeights: []
  m_BindPose: []
  m_BoneNameHashes: 
  m_RootBoneNameHash: 0
  m_BonesAABB: []
  m_VariableBoneCountWeights:
    m_Data: 
  m_MeshCompression: 0
  m_IsReadable: 1
  m_KeepVertices: 1
  m_KeepIndices: 1
  m_IndexFormat: 0
  m_IndexBuffer: 000001000200010003000200040005000600050007000600080009000a0009000b000a000c000d000e000d000f000e00100011001200110013001200140015001600150017001600
  m_VertexData:
    serializedVersion: 3
    m_VertexCount: 24
    m_Channels:
    - stream: 0
      offset: 0
      format: 0
      dimension: 3
    - stream: 0
      offset: 12
      format: 0
      dimension: 3
    - stream: 0
      offset: 24
      format: 0
      dimension: 4
    - stream: 0
      offset: 0
      format: 0
      dimension: 0
    - stream: 0
      offset: 40
      format: 0
      dimension: 2
    - stream: 0
      offset: 0
      format: 0
      dimension: 0
    - stream: 0
      offset: 0
      format: 0
      dimension: 0
    - stream: 0
      offset: 0
      format: 0
      dimension: 0
    - stream: 0
      offset: 0
      format: 0
      dimension: 0
    - stream: 0
      offset: 0
      format: 0
      dimension: 0
    - stream: 0
      offset: 0
      format: 0
      dimension: 0
    - stream: 0
      offset: 0
      format: 0
      dimension: 0
    - stream: 0
      offset: 0
      format: 0
      dimension: 0
    - stream: 0
      offset: 0
      format: 0
      dimension: 0
    m_DataSize: 1152
    _typelessdata: feff8bc1000000009a5f324200000000000000000000803f000080bf0000000000000000000080bffeff8b41000000000000803f000000009a5f324200000000000000000000803f000080bf0000000000000000000080bf000080bf00000000faf264c14063cd3e9a5f324200000000000000000000803f000080bf0000000000000000000080bffaf264414063cd3eedec00c000ffb73e9a5f324200000000000000000000803f000080bf0000000000000000000080bfedec004000ffb73e0000803f000000009a5f3242416ff23d35337e3f7281552f35337e3f416ff2bd7481d521000080bf35337e3f9a5f32420200803f000000000080c9c2406ff23d35337e3f7281d52e35337e3f406ff2bd73815521000080bf39337e3f0080c9c2edec00c000ffb73e9a5f3242406ff23d35337e3f7281d52e35337e3f406ff2bd73815521000080bfd9bd02c09a5f3242edec00c000ffb73e0080c9c2406ff23d35337e3f0000000035337e3f406ff2bd00000000000080bfd9bd02c00080c9c20200803f000000000080c9c20000000000000000000080bf0000803f0000000000000000000080bf0200803f0000000000008cc1000000000080c9c20000000000000000000080bf0000803f0000000000000000000080bf00008cc100000000edec00c000ffb73e0080c9c20000000000000000000080bf0000803f0000000000000000000080bfedec00c000ffb73efcf264c14063cd3e0080c9c20000000000000000000080bf0000803f0000000000000000000080bffcf264c14063cd3e00008cc1000000000080c9c23b79ffbd1b007e3f1dfd60311b007e3f3a79ff3d20fde0a3000080bf0fe88ac10080c9c2feff8bc1000000009a5f32424079ffbd1b007e3fd8bd28311b007e3f4079ff3ddabda823000080bf0de88ac19a5f3242fcf264c14063cd3e0080c9c24079ffbd1b007e3fd8bd28311b007e3f4079ff3ddabda823000080bf375c62c10080c9c2faf264c14063cd3e9a5f32424579ffbd1b007e3f26fde0301b007e3f4579ff3d29fd6023000080bf355c62c19a5f3242faf264c14063cd3e9a5f32421db45e3b9fff7f3f0a2144ae9fff7f3f1db45ebb00000000000080bf39f864c19a5f3242edec00c000ffb73e9a5f32421cb45e3b9fff7f3f0a21c4ad9fff7f3f1cb45ebb0b21c49d000080bfbe0001c09a5f3242fcf264c14063cd3e0080c9c21cb45e3b9fff7f3f0a21c4ad9fff7f3f1cb45ebb0b21c49d000080bf3bf864c10080c9c2edec00c000ffb73e0080c9c21bb45e3b9fff7f3f000000009fff7f3f1bb45ebb00000000000080bfbe0001c00080c9c200008cc1000000000080c9c200000000000080bf00000000000080bf0000000000000000000080bf00008c410080c9c20200803f000000000080c9c200000000000080bf00000000000080bf0000000000000000000080bf020080bf0080c9c2feff8bc1000000009a5f324200000000000080bf00000000000080bf0000000000000000000080bffeff8b419a5f32420000803f000000009a5f324200000000000080bf00000000000080bf0000000000000000000080bf000080bf9a5f3242
  m_CompressedMesh:
    m_Vertices:
      m_NumItems: 0
      m_Range: 0
      m_Start: 0
      m_Data: 
      m_BitSize: 0
    m_UV:
      m_NumItems: 0
      m_Range: 0
      m_Start: 0
      m_Data: 
      m_BitSize: 0
    m_Normals:
      m_NumItems: 0
      m_Range: 0
      m_Start: 0
      m_Data: 
      m_BitSize: 0
    m_Tangents:
      m_NumItems: 0
      m_Range: 0
      m_Start: 0
      m_Data: 
      m_BitSize: 0
    m_Weights:
      m_NumItems: 0
      m_Data: 
      m_BitSize: 0
    m_NormalSigns:
      m_NumItems: 0
      m_Data: 
      m_BitSize: 0
    m_TangentSigns:
      m_NumItems: 0
      m_Data: 
      m_BitSize: 0
    m_FloatColors:
      m_NumItems: 0
      m_Range: 0
      m_Start: 0
      m_Data: 
      m_BitSize: 0
    m_BoneIndices:
      m_NumItems: 0
      m_Data: 
      m_BitSize: 0
    m_Triangles:
      m_NumItems: 0
      m_Data: 
      m_BitSize: 0
    m_UVInfo: 0
  m_LocalAABB:
    m_Center: {x: -8.25, y: 0.20057392, z: -28.07832}
    m_Extent: {x: 9.25, y: 0.20057392, z: 72.67168}
  m_MeshUsageFlags: 0
  m_BakedConvexCollisionMesh: 
  m_BakedTriangleCollisionMesh: 
  m_MeshMetrics[0]: 1
  m_MeshMetrics[1]: 1
  m_MeshOptimizationFlags: 1
  m_StreamData:
    serializedVersion: 2
    offset: 0
    size: 0
    path: 
--- !u!1 &1388226194
GameObject:
  m_ObjectHideFlags: 0
  m_CorrespondingSourceObject: {fileID: 0}
  m_PrefabInstance: {fileID: 0}
  m_PrefabAsset: {fileID: 0}
  serializedVersion: 6
  m_Component:
  - component: {fileID: 1388226195}
  - component: {fileID: 1388226196}
  m_Layer: 13
  m_Name: Murs Invisible
  m_TagString: Untagged
  m_Icon: {fileID: 0}
  m_NavMeshLayer: 0
  m_StaticEditorFlags: 4294967295
  m_IsActive: 1
--- !u!4 &1388226195
Transform:
  m_ObjectHideFlags: 10
  m_CorrespondingSourceObject: {fileID: 0}
  m_PrefabInstance: {fileID: 0}
  m_PrefabAsset: {fileID: 0}
  m_GameObject: {fileID: 1388226194}
  m_LocalRotation: {x: -0, y: -0, z: -0, w: 1}
  m_LocalPosition: {x: 0, y: 0, z: 0}
  m_LocalScale: {x: 1, y: 1, z: 1}
  m_Children:
  - {fileID: 744342614}
  - {fileID: 5557604}
  m_Father: {fileID: 0}
  m_RootOrder: 8
  m_LocalEulerAnglesHint: {x: 0, y: 0, z: 0}
--- !u!114 &1388226196
MonoBehaviour:
  m_ObjectHideFlags: 10
  m_CorrespondingSourceObject: {fileID: 0}
  m_PrefabInstance: {fileID: 0}
  m_PrefabAsset: {fileID: 0}
  m_GameObject: {fileID: 1388226194}
  m_Enabled: 1
  m_EditorHideFlags: 0
  m_Script: {fileID: 11500000, guid: a986e817300de88499b25c6dd04ca872, type: 3}
  m_Name: 
  m_EditorClassIdentifier: 
--- !u!114 &1420270754 stripped
MonoBehaviour:
  m_CorrespondingSourceObject: {fileID: 8096508887950332145, guid: 8a40954cbe8dbc14fb097cea52e4cd07,
    type: 3}
  m_PrefabInstance: {fileID: 8096508888833395795}
  m_PrefabAsset: {fileID: 0}
  m_GameObject: {fileID: 0}
  m_Enabled: 1
  m_EditorHideFlags: 0
  m_Script: {fileID: 11500000, guid: ae4c928c70eadf342af8cdce48fff77c, type: 3}
  m_Name: 
  m_EditorClassIdentifier: 
--- !u!1 &1423356578 stripped
GameObject:
  m_CorrespondingSourceObject: {fileID: 8319942322137722146, guid: ff980ad07fc175d4289410abbb0c4d0b,
    type: 3}
  m_PrefabInstance: {fileID: 8319942323401613184}
  m_PrefabAsset: {fileID: 0}
--- !u!1 &1540988994
GameObject:
  m_ObjectHideFlags: 0
  m_CorrespondingSourceObject: {fileID: 0}
  m_PrefabInstance: {fileID: 0}
  m_PrefabAsset: {fileID: 0}
  serializedVersion: 6
  m_Component:
  - component: {fileID: 1540988996}
  - component: {fileID: 1540988995}
  m_Layer: 0
  m_Name: RainbowHierarchyRuleset
  m_TagString: EditorOnly
  m_Icon: {fileID: 0}
  m_NavMeshLayer: 0
  m_StaticEditorFlags: 0
  m_IsActive: 1
--- !u!114 &1540988995
MonoBehaviour:
  m_ObjectHideFlags: 0
  m_CorrespondingSourceObject: {fileID: 0}
  m_PrefabInstance: {fileID: 0}
  m_PrefabAsset: {fileID: 0}
  m_GameObject: {fileID: 1540988994}
  m_Enabled: 1
  m_EditorHideFlags: 0
  m_Script: {fileID: 366663908, guid: ebe26e22332665d4c8332b2a624e5e8b, type: 3}
  m_Name: 
  m_EditorClassIdentifier: 
  Rules:
  - Type: 0
    Name: 
    GameObject: {fileID: 793794533}
    Ordinal: 0
    Priority: 0
    IconType: 2900
    IconTexture: {fileID: 0}
    IsIconRecursive: 0
    BackgroundType: 0
    BackgroundTexture: {fileID: 0}
    IsBackgroundRecursive: 0
    IsHidden: 0
  - Type: 0
    Name: 
    GameObject: {fileID: 1423356578}
    Ordinal: 1
    Priority: 0
    IconType: 2900
    IconTexture: {fileID: 0}
    IsIconRecursive: 0
    BackgroundType: 0
    BackgroundTexture: {fileID: 0}
    IsBackgroundRecursive: 0
    IsHidden: 0
  - Type: 0
    Name: 
    GameObject: {fileID: 0}
    Ordinal: 2
    Priority: 0
    IconType: 10
    IconTexture: {fileID: 0}
    IsIconRecursive: 0
    BackgroundType: 0
    BackgroundTexture: {fileID: 0}
    IsBackgroundRecursive: 0
    IsHidden: 0
  - Type: 0
    Name: 
    GameObject: {fileID: 1933592789}
    Ordinal: 3
    Priority: 0
    IconType: 10
    IconTexture: {fileID: 0}
    IsIconRecursive: 0
    BackgroundType: 0
    BackgroundTexture: {fileID: 0}
    IsBackgroundRecursive: 0
    IsHidden: 0
--- !u!4 &1540988996
Transform:
  m_ObjectHideFlags: 0
  m_CorrespondingSourceObject: {fileID: 0}
  m_PrefabInstance: {fileID: 0}
  m_PrefabAsset: {fileID: 0}
  m_GameObject: {fileID: 1540988994}
  m_LocalRotation: {x: -0, y: -0, z: -0, w: 1}
  m_LocalPosition: {x: 0, y: 0, z: 0}
  m_LocalScale: {x: 1, y: 1, z: 1}
  m_Children: []
  m_Father: {fileID: 457141336}
  m_RootOrder: 2
  m_LocalEulerAnglesHint: {x: 0, y: 0, z: 0}
--- !u!1 &1933592789
GameObject:
  m_ObjectHideFlags: 0
  m_CorrespondingSourceObject: {fileID: 0}
  m_PrefabInstance: {fileID: 0}
  m_PrefabAsset: {fileID: 0}
  serializedVersion: 6
  m_Component:
  - component: {fileID: 1933592790}
  m_Layer: 0
  m_Name: Target Movement Player
  m_TagString: Untagged
  m_Icon: {fileID: -5442936267250999957, guid: 0000000000000000d000000000000000, type: 0}
  m_NavMeshLayer: 0
  m_StaticEditorFlags: 0
  m_IsActive: 1
--- !u!4 &1933592790
Transform:
  m_ObjectHideFlags: 0
  m_CorrespondingSourceObject: {fileID: 0}
  m_PrefabInstance: {fileID: 0}
  m_PrefabAsset: {fileID: 0}
  m_GameObject: {fileID: 1933592789}
  m_LocalRotation: {x: -0, y: -0, z: -0, w: 1}
  m_LocalPosition: {x: 0, y: -0.75799996, z: -30.714}
  m_LocalScale: {x: 1.31, y: 1.31, z: 1.31}
  m_Children: []
  m_Father: {fileID: 0}
  m_RootOrder: 6
  m_LocalEulerAnglesHint: {x: 0, y: 0, z: 0}
--- !u!1 &2087234907
GameObject:
  m_ObjectHideFlags: 0
  m_CorrespondingSourceObject: {fileID: 0}
  m_PrefabInstance: {fileID: 0}
  m_PrefabAsset: {fileID: 0}
  serializedVersion: 6
  m_Component:
  - component: {fileID: 2087234909}
  - component: {fileID: 2087234908}
  m_Layer: 0
  m_Name: Directional Light
  m_TagString: Untagged
  m_Icon: {fileID: 0}
  m_NavMeshLayer: 0
  m_StaticEditorFlags: 0
  m_IsActive: 1
--- !u!108 &2087234908
Light:
  m_ObjectHideFlags: 0
  m_CorrespondingSourceObject: {fileID: 0}
  m_PrefabInstance: {fileID: 0}
  m_PrefabAsset: {fileID: 0}
  m_GameObject: {fileID: 2087234907}
  m_Enabled: 1
  serializedVersion: 10
  m_Type: 1
  m_Shape: 0
  m_Color: {r: 1, g: 0.95686275, b: 0.8392157, a: 1}
  m_Intensity: 1
  m_Range: 10
  m_SpotAngle: 30
  m_InnerSpotAngle: 21.80208
  m_CookieSize: 10
  m_Shadows:
    m_Type: 2
    m_Resolution: -1
    m_CustomResolution: -1
    m_Strength: 1
    m_Bias: 0.05
    m_NormalBias: 0.4
    m_NearPlane: 0.2
    m_CullingMatrixOverride:
      e00: 1
      e01: 0
      e02: 0
      e03: 0
      e10: 0
      e11: 1
      e12: 0
      e13: 0
      e20: 0
      e21: 0
      e22: 1
      e23: 0
      e30: 0
      e31: 0
      e32: 0
      e33: 1
    m_UseCullingMatrixOverride: 0
  m_Cookie: {fileID: 0}
  m_DrawHalo: 0
  m_Flare: {fileID: 0}
  m_RenderMode: 0
  m_CullingMask:
    serializedVersion: 2
    m_Bits: 4294967295
  m_RenderingLayerMask: 1
  m_Lightmapping: 4
  m_LightShadowCasterMode: 0
  m_AreaSize: {x: 1, y: 1}
  m_BounceIntensity: 1
  m_ColorTemperature: 6570
  m_UseColorTemperature: 0
  m_BoundingSphereOverride: {x: 0, y: 0, z: 0, w: 0}
  m_UseBoundingSphereOverride: 0
  m_ShadowRadius: 0
  m_ShadowAngle: 0
--- !u!4 &2087234909
Transform:
  m_ObjectHideFlags: 0
  m_CorrespondingSourceObject: {fileID: 0}
  m_PrefabInstance: {fileID: 0}
  m_PrefabAsset: {fileID: 0}
  m_GameObject: {fileID: 2087234907}
  m_LocalRotation: {x: 0.31272435, y: -0.4161768, z: 0.33119103, w: 0.7869643}
  m_LocalPosition: {x: 0, y: 3, z: 0}
  m_LocalScale: {x: 1, y: 1, z: 1}
  m_Children: []
  m_Father: {fileID: 559434162}
  m_RootOrder: 1
  m_LocalEulerAnglesHint: {x: 50.163, y: -44.36, z: 24.041}
--- !u!1001 &294205151527985562
PrefabInstance:
  m_ObjectHideFlags: 0
  serializedVersion: 2
  m_Modification:
    m_TransformParent: {fileID: 0}
    m_Modifications:
    - target: {fileID: 2749491425555566125, guid: 474b050d5d81ef640bc691198cccba95,
        type: 3}
      propertyPath: m_Name
      value: VIP
      objectReference: {fileID: 0}
    - target: {fileID: 3270729672262456471, guid: 474b050d5d81ef640bc691198cccba95,
        type: 3}
      propertyPath: m_LocalPosition.x
      value: 0
      objectReference: {fileID: 0}
    - target: {fileID: 3270729672262456471, guid: 474b050d5d81ef640bc691198cccba95,
        type: 3}
      propertyPath: m_LocalPosition.y
      value: -0.777
      objectReference: {fileID: 0}
    - target: {fileID: 3270729672262456471, guid: 474b050d5d81ef640bc691198cccba95,
        type: 3}
      propertyPath: m_LocalPosition.z
      value: -32.70152
      objectReference: {fileID: 0}
    - target: {fileID: 3270729672262456471, guid: 474b050d5d81ef640bc691198cccba95,
        type: 3}
      propertyPath: m_LocalRotation.x
      value: 0
      objectReference: {fileID: 0}
    - target: {fileID: 3270729672262456471, guid: 474b050d5d81ef640bc691198cccba95,
        type: 3}
      propertyPath: m_LocalRotation.y
      value: 0
      objectReference: {fileID: 0}
    - target: {fileID: 3270729672262456471, guid: 474b050d5d81ef640bc691198cccba95,
        type: 3}
      propertyPath: m_LocalRotation.z
      value: 0
      objectReference: {fileID: 0}
    - target: {fileID: 3270729672262456471, guid: 474b050d5d81ef640bc691198cccba95,
        type: 3}
      propertyPath: m_LocalRotation.w
      value: 1
      objectReference: {fileID: 0}
    - target: {fileID: 3270729672262456471, guid: 474b050d5d81ef640bc691198cccba95,
        type: 3}
      propertyPath: m_RootOrder
      value: 1
      objectReference: {fileID: 0}
    - target: {fileID: 3270729672262456471, guid: 474b050d5d81ef640bc691198cccba95,
        type: 3}
      propertyPath: m_LocalEulerAnglesHint.x
      value: 0
      objectReference: {fileID: 0}
    - target: {fileID: 3270729672262456471, guid: 474b050d5d81ef640bc691198cccba95,
        type: 3}
      propertyPath: m_LocalEulerAnglesHint.y
      value: 0
      objectReference: {fileID: 0}
    - target: {fileID: 3270729672262456471, guid: 474b050d5d81ef640bc691198cccba95,
        type: 3}
      propertyPath: m_LocalEulerAnglesHint.z
      value: 0
      objectReference: {fileID: 0}
    m_RemovedComponents: []
  m_SourcePrefab: {fileID: 100100000, guid: 474b050d5d81ef640bc691198cccba95, type: 3}
--- !u!1001 &2624438491542091353
PrefabInstance:
  m_ObjectHideFlags: 0
  serializedVersion: 2
  m_Modification:
    m_TransformParent: {fileID: 0}
    m_Modifications:
    - target: {fileID: 943826242, guid: 4065f8d9d3b50d248bca86e73459ec59, type: 3}
      propertyPath: mainCamera
      value: 
      objectReference: {fileID: 793794535}
    - target: {fileID: 2585446179447454094, guid: 4065f8d9d3b50d248bca86e73459ec59,
        type: 3}
      propertyPath: m_LocalPosition.x
      value: 0
      objectReference: {fileID: 0}
    - target: {fileID: 2585446179447454094, guid: 4065f8d9d3b50d248bca86e73459ec59,
        type: 3}
      propertyPath: m_LocalPosition.y
      value: -0.775
      objectReference: {fileID: 0}
    - target: {fileID: 2585446179447454094, guid: 4065f8d9d3b50d248bca86e73459ec59,
        type: 3}
      propertyPath: m_LocalPosition.z
      value: -30.769356
      objectReference: {fileID: 0}
    - target: {fileID: 2585446179447454094, guid: 4065f8d9d3b50d248bca86e73459ec59,
        type: 3}
      propertyPath: m_LocalRotation.x
      value: 0
      objectReference: {fileID: 0}
    - target: {fileID: 2585446179447454094, guid: 4065f8d9d3b50d248bca86e73459ec59,
        type: 3}
      propertyPath: m_LocalRotation.y
      value: 0
      objectReference: {fileID: 0}
    - target: {fileID: 2585446179447454094, guid: 4065f8d9d3b50d248bca86e73459ec59,
        type: 3}
      propertyPath: m_LocalRotation.z
      value: 0
      objectReference: {fileID: 0}
    - target: {fileID: 2585446179447454094, guid: 4065f8d9d3b50d248bca86e73459ec59,
        type: 3}
      propertyPath: m_LocalRotation.w
      value: 1
      objectReference: {fileID: 0}
    - target: {fileID: 2585446179447454094, guid: 4065f8d9d3b50d248bca86e73459ec59,
        type: 3}
      propertyPath: m_RootOrder
      value: 5
      objectReference: {fileID: 0}
    - target: {fileID: 2585446179447454094, guid: 4065f8d9d3b50d248bca86e73459ec59,
        type: 3}
      propertyPath: m_LocalEulerAnglesHint.x
      value: 0
      objectReference: {fileID: 0}
    - target: {fileID: 2585446179447454094, guid: 4065f8d9d3b50d248bca86e73459ec59,
        type: 3}
      propertyPath: m_LocalEulerAnglesHint.y
      value: 0
      objectReference: {fileID: 0}
    - target: {fileID: 2585446179447454094, guid: 4065f8d9d3b50d248bca86e73459ec59,
        type: 3}
      propertyPath: m_LocalEulerAnglesHint.z
      value: 0
      objectReference: {fileID: 0}
    - target: {fileID: 2930305374951793460, guid: 4065f8d9d3b50d248bca86e73459ec59,
        type: 3}
      propertyPath: m_Name
      value: Player_Marion
      objectReference: {fileID: 0}
    - target: {fileID: 2930305374951793460, guid: 4065f8d9d3b50d248bca86e73459ec59,
        type: 3}
      propertyPath: m_IsActive
      value: 0
      objectReference: {fileID: 0}
    - target: {fileID: 6712393370298660953, guid: 4065f8d9d3b50d248bca86e73459ec59,
        type: 3}
      propertyPath: joystickColorBump
      value: 
      objectReference: {fileID: 1420270754}
    - target: {fileID: 6712393370298660953, guid: 4065f8d9d3b50d248bca86e73459ec59,
        type: 3}
      propertyPath: targetPlayer
      value: 
      objectReference: {fileID: 1933592790}
    m_RemovedComponents: []
  m_SourcePrefab: {fileID: 100100000, guid: 4065f8d9d3b50d248bca86e73459ec59, type: 3}
--- !u!1001 &3056496438706332787
PrefabInstance:
  m_ObjectHideFlags: 0
  serializedVersion: 2
  m_Modification:
    m_TransformParent: {fileID: 0}
    m_Modifications:
    - target: {fileID: 6972622734393532055, guid: a38782fb912d0764d92ef55d618d0f9c,
        type: 3}
      propertyPath: m_LocalPosition.x
      value: 0
      objectReference: {fileID: 0}
    - target: {fileID: 6972622734393532055, guid: a38782fb912d0764d92ef55d618d0f9c,
        type: 3}
      propertyPath: m_LocalPosition.y
      value: -0.75799996
      objectReference: {fileID: 0}
    - target: {fileID: 6972622734393532055, guid: a38782fb912d0764d92ef55d618d0f9c,
        type: 3}
      propertyPath: m_LocalPosition.z
      value: -32.637
      objectReference: {fileID: 0}
    - target: {fileID: 6972622734393532055, guid: a38782fb912d0764d92ef55d618d0f9c,
        type: 3}
      propertyPath: m_LocalRotation.x
      value: 0
      objectReference: {fileID: 0}
    - target: {fileID: 6972622734393532055, guid: a38782fb912d0764d92ef55d618d0f9c,
        type: 3}
      propertyPath: m_LocalRotation.y
      value: 0
      objectReference: {fileID: 0}
    - target: {fileID: 6972622734393532055, guid: a38782fb912d0764d92ef55d618d0f9c,
        type: 3}
      propertyPath: m_LocalRotation.z
      value: 0
      objectReference: {fileID: 0}
    - target: {fileID: 6972622734393532055, guid: a38782fb912d0764d92ef55d618d0f9c,
        type: 3}
      propertyPath: m_LocalRotation.w
      value: 1
      objectReference: {fileID: 0}
    - target: {fileID: 6972622734393532055, guid: a38782fb912d0764d92ef55d618d0f9c,
        type: 3}
      propertyPath: m_RootOrder
      value: 7
      objectReference: {fileID: 0}
    - target: {fileID: 6972622734393532055, guid: a38782fb912d0764d92ef55d618d0f9c,
        type: 3}
      propertyPath: m_LocalEulerAnglesHint.x
      value: 0
      objectReference: {fileID: 0}
    - target: {fileID: 6972622734393532055, guid: a38782fb912d0764d92ef55d618d0f9c,
        type: 3}
      propertyPath: m_LocalEulerAnglesHint.y
      value: 0
      objectReference: {fileID: 0}
    - target: {fileID: 6972622734393532055, guid: a38782fb912d0764d92ef55d618d0f9c,
        type: 3}
      propertyPath: m_LocalEulerAnglesHint.z
      value: 0
      objectReference: {fileID: 0}
    - target: {fileID: 7748561647088075821, guid: a38782fb912d0764d92ef55d618d0f9c,
        type: 3}
      propertyPath: m_Name
      value: VIP
      objectReference: {fileID: 0}
    - target: {fileID: 7748561647088075821, guid: a38782fb912d0764d92ef55d618d0f9c,
        type: 3}
      propertyPath: m_IsActive
      value: 0
      objectReference: {fileID: 0}
    m_RemovedComponents: []
  m_SourcePrefab: {fileID: 100100000, guid: a38782fb912d0764d92ef55d618d0f9c, type: 3}
--- !u!1001 &4786337458427839563
PrefabInstance:
  m_ObjectHideFlags: 0
  serializedVersion: 2
  m_Modification:
    m_TransformParent: {fileID: 0}
    m_Modifications:
    - target: {fileID: 1510259193588832729, guid: e9cf91f0a9e5d8d4dbedb0908f471571,
        type: 3}
      propertyPath: m_Name
      value: Damier Win
      objectReference: {fileID: 0}
    - target: {fileID: 1511133567832617707, guid: e9cf91f0a9e5d8d4dbedb0908f471571,
        type: 3}
      propertyPath: m_LocalPosition.x
      value: 0.2
      objectReference: {fileID: 0}
    - target: {fileID: 1511133567832617707, guid: e9cf91f0a9e5d8d4dbedb0908f471571,
        type: 3}
      propertyPath: m_LocalPosition.y
      value: -0.86
      objectReference: {fileID: 0}
    - target: {fileID: 1511133567832617707, guid: e9cf91f0a9e5d8d4dbedb0908f471571,
        type: 3}
      propertyPath: m_LocalPosition.z
      value: 80.4
      objectReference: {fileID: 0}
    - target: {fileID: 1511133567832617707, guid: e9cf91f0a9e5d8d4dbedb0908f471571,
        type: 3}
      propertyPath: m_LocalRotation.x
      value: -0
      objectReference: {fileID: 0}
    - target: {fileID: 1511133567832617707, guid: e9cf91f0a9e5d8d4dbedb0908f471571,
        type: 3}
      propertyPath: m_LocalRotation.y
      value: -0
      objectReference: {fileID: 0}
    - target: {fileID: 1511133567832617707, guid: e9cf91f0a9e5d8d4dbedb0908f471571,
        type: 3}
      propertyPath: m_LocalRotation.z
      value: -0.0019531467
      objectReference: {fileID: 0}
    - target: {fileID: 1511133567832617707, guid: e9cf91f0a9e5d8d4dbedb0908f471571,
        type: 3}
      propertyPath: m_LocalRotation.w
      value: 0.9999981
      objectReference: {fileID: 0}
    - target: {fileID: 1511133567832617707, guid: e9cf91f0a9e5d8d4dbedb0908f471571,
        type: 3}
      propertyPath: m_RootOrder
      value: 3
      objectReference: {fileID: 0}
    - target: {fileID: 1511133567832617707, guid: e9cf91f0a9e5d8d4dbedb0908f471571,
        type: 3}
      propertyPath: m_LocalEulerAnglesHint.x
      value: 0
      objectReference: {fileID: 0}
    - target: {fileID: 1511133567832617707, guid: e9cf91f0a9e5d8d4dbedb0908f471571,
        type: 3}
      propertyPath: m_LocalEulerAnglesHint.y
      value: 0
      objectReference: {fileID: 0}
    - target: {fileID: 1511133567832617707, guid: e9cf91f0a9e5d8d4dbedb0908f471571,
        type: 3}
      propertyPath: m_LocalEulerAnglesHint.z
      value: -0.224
      objectReference: {fileID: 0}
    m_RemovedComponents: []
  m_SourcePrefab: {fileID: 100100000, guid: e9cf91f0a9e5d8d4dbedb0908f471571, type: 3}
--- !u!1001 &5539279010421639013
PrefabInstance:
  m_ObjectHideFlags: 0
  serializedVersion: 2
  m_Modification:
    m_TransformParent: {fileID: 0}
    m_Modifications:
    - target: {fileID: 1241027072, guid: 89572f7322a70fd44af30ed38dc6fe38, type: 3}
      propertyPath: joystickColorBump
      value: 
      objectReference: {fileID: 1420270754}
    - target: {fileID: 1241027072, guid: 89572f7322a70fd44af30ed38dc6fe38, type: 3}
      propertyPath: targetPlayer
      value: 
      objectReference: {fileID: 1933592790}
    - target: {fileID: 2731946055085574415, guid: 89572f7322a70fd44af30ed38dc6fe38,
        type: 3}
      propertyPath: m_Name
      value: Player
      objectReference: {fileID: 0}
    - target: {fileID: 3360251411397317557, guid: 89572f7322a70fd44af30ed38dc6fe38,
        type: 3}
      propertyPath: m_LocalPosition.x
      value: 0
      objectReference: {fileID: 0}
    - target: {fileID: 3360251411397317557, guid: 89572f7322a70fd44af30ed38dc6fe38,
        type: 3}
      propertyPath: m_LocalPosition.y
      value: -0.75799996
      objectReference: {fileID: 0}
    - target: {fileID: 3360251411397317557, guid: 89572f7322a70fd44af30ed38dc6fe38,
        type: 3}
      propertyPath: m_LocalPosition.z
      value: -30.714
      objectReference: {fileID: 0}
    - target: {fileID: 3360251411397317557, guid: 89572f7322a70fd44af30ed38dc6fe38,
        type: 3}
      propertyPath: m_LocalRotation.x
      value: -0
      objectReference: {fileID: 0}
    - target: {fileID: 3360251411397317557, guid: 89572f7322a70fd44af30ed38dc6fe38,
        type: 3}
      propertyPath: m_LocalRotation.y
      value: -0
      objectReference: {fileID: 0}
    - target: {fileID: 3360251411397317557, guid: 89572f7322a70fd44af30ed38dc6fe38,
        type: 3}
      propertyPath: m_LocalRotation.z
      value: -0
      objectReference: {fileID: 0}
    - target: {fileID: 3360251411397317557, guid: 89572f7322a70fd44af30ed38dc6fe38,
        type: 3}
      propertyPath: m_LocalRotation.w
      value: 1
      objectReference: {fileID: 0}
    - target: {fileID: 3360251411397317557, guid: 89572f7322a70fd44af30ed38dc6fe38,
        type: 3}
      propertyPath: m_RootOrder
      value: 4
      objectReference: {fileID: 0}
    - target: {fileID: 3360251411397317557, guid: 89572f7322a70fd44af30ed38dc6fe38,
        type: 3}
      propertyPath: m_LocalEulerAnglesHint.x
      value: 0
      objectReference: {fileID: 0}
    - target: {fileID: 3360251411397317557, guid: 89572f7322a70fd44af30ed38dc6fe38,
        type: 3}
      propertyPath: m_LocalEulerAnglesHint.y
      value: 0
      objectReference: {fileID: 0}
    - target: {fileID: 3360251411397317557, guid: 89572f7322a70fd44af30ed38dc6fe38,
        type: 3}
      propertyPath: m_LocalEulerAnglesHint.z
      value: 0
      objectReference: {fileID: 0}
    - target: {fileID: 7550310709040632645, guid: 89572f7322a70fd44af30ed38dc6fe38,
        type: 3}
      propertyPath: mainCamera
      value: 
      objectReference: {fileID: 793794535}
    m_RemovedComponents: []
  m_SourcePrefab: {fileID: 100100000, guid: 89572f7322a70fd44af30ed38dc6fe38, type: 3}
--- !u!1001 &8096508888833395795
PrefabInstance:
  m_ObjectHideFlags: 0
  serializedVersion: 2
  m_Modification:
    m_TransformParent: {fileID: 0}
    m_Modifications:
    - target: {fileID: 8096508886960925889, guid: 8a40954cbe8dbc14fb097cea52e4cd07,
        type: 3}
      propertyPath: m_AnchorMin.x
      value: 0
      objectReference: {fileID: 0}
    - target: {fileID: 8096508886960925889, guid: 8a40954cbe8dbc14fb097cea52e4cd07,
        type: 3}
      propertyPath: m_AnchorMax.x
      value: 0
      objectReference: {fileID: 0}
    - target: {fileID: 8096508886960925889, guid: 8a40954cbe8dbc14fb097cea52e4cd07,
        type: 3}
      propertyPath: m_AnchorMax.y
      value: 0
      objectReference: {fileID: 0}
    - target: {fileID: 8096508887677716629, guid: 8a40954cbe8dbc14fb097cea52e4cd07,
        type: 3}
      propertyPath: m_AnchorMax.x
      value: 0
      objectReference: {fileID: 0}
    - target: {fileID: 8096508887677716629, guid: 8a40954cbe8dbc14fb097cea52e4cd07,
        type: 3}
      propertyPath: m_AnchorMax.y
      value: 0
      objectReference: {fileID: 0}
    - target: {fileID: 8096508888208786521, guid: 8a40954cbe8dbc14fb097cea52e4cd07,
        type: 3}
      propertyPath: m_Name
      value: Canvas - UI
      objectReference: {fileID: 0}
    - target: {fileID: 8096508888208786525, guid: 8a40954cbe8dbc14fb097cea52e4cd07,
        type: 3}
      propertyPath: m_LocalPosition.x
      value: 0
      objectReference: {fileID: 0}
    - target: {fileID: 8096508888208786525, guid: 8a40954cbe8dbc14fb097cea52e4cd07,
        type: 3}
      propertyPath: m_LocalPosition.y
      value: 0
      objectReference: {fileID: 0}
    - target: {fileID: 8096508888208786525, guid: 8a40954cbe8dbc14fb097cea52e4cd07,
        type: 3}
      propertyPath: m_LocalPosition.z
      value: 0
      objectReference: {fileID: 0}
    - target: {fileID: 8096508888208786525, guid: 8a40954cbe8dbc14fb097cea52e4cd07,
        type: 3}
      propertyPath: m_LocalRotation.x
      value: 0
      objectReference: {fileID: 0}
    - target: {fileID: 8096508888208786525, guid: 8a40954cbe8dbc14fb097cea52e4cd07,
        type: 3}
      propertyPath: m_LocalRotation.y
      value: 0
      objectReference: {fileID: 0}
    - target: {fileID: 8096508888208786525, guid: 8a40954cbe8dbc14fb097cea52e4cd07,
        type: 3}
      propertyPath: m_LocalRotation.z
      value: 0
      objectReference: {fileID: 0}
    - target: {fileID: 8096508888208786525, guid: 8a40954cbe8dbc14fb097cea52e4cd07,
        type: 3}
      propertyPath: m_LocalRotation.w
      value: 1
      objectReference: {fileID: 0}
    - target: {fileID: 8096508888208786525, guid: 8a40954cbe8dbc14fb097cea52e4cd07,
        type: 3}
      propertyPath: m_RootOrder
      value: 10
      objectReference: {fileID: 0}
    - target: {fileID: 8096508888208786525, guid: 8a40954cbe8dbc14fb097cea52e4cd07,
        type: 3}
      propertyPath: m_LocalEulerAnglesHint.x
      value: 0
      objectReference: {fileID: 0}
    - target: {fileID: 8096508888208786525, guid: 8a40954cbe8dbc14fb097cea52e4cd07,
        type: 3}
      propertyPath: m_LocalEulerAnglesHint.y
      value: 0
      objectReference: {fileID: 0}
    - target: {fileID: 8096508888208786525, guid: 8a40954cbe8dbc14fb097cea52e4cd07,
        type: 3}
      propertyPath: m_LocalEulerAnglesHint.z
      value: 0
      objectReference: {fileID: 0}
    - target: {fileID: 8096508888208786525, guid: 8a40954cbe8dbc14fb097cea52e4cd07,
        type: 3}
      propertyPath: m_AnchoredPosition.x
      value: 0
      objectReference: {fileID: 0}
    - target: {fileID: 8096508888208786525, guid: 8a40954cbe8dbc14fb097cea52e4cd07,
        type: 3}
      propertyPath: m_AnchoredPosition.y
      value: 0
      objectReference: {fileID: 0}
    - target: {fileID: 8096508888208786525, guid: 8a40954cbe8dbc14fb097cea52e4cd07,
        type: 3}
      propertyPath: m_SizeDelta.x
      value: 0
      objectReference: {fileID: 0}
    - target: {fileID: 8096508888208786525, guid: 8a40954cbe8dbc14fb097cea52e4cd07,
        type: 3}
      propertyPath: m_SizeDelta.y
      value: 0
      objectReference: {fileID: 0}
    - target: {fileID: 8096508888208786525, guid: 8a40954cbe8dbc14fb097cea52e4cd07,
        type: 3}
      propertyPath: m_AnchorMin.x
      value: 0
      objectReference: {fileID: 0}
    - target: {fileID: 8096508888208786525, guid: 8a40954cbe8dbc14fb097cea52e4cd07,
        type: 3}
      propertyPath: m_AnchorMin.y
      value: 0
      objectReference: {fileID: 0}
    - target: {fileID: 8096508888208786525, guid: 8a40954cbe8dbc14fb097cea52e4cd07,
        type: 3}
      propertyPath: m_AnchorMax.x
      value: 0
      objectReference: {fileID: 0}
    - target: {fileID: 8096508888208786525, guid: 8a40954cbe8dbc14fb097cea52e4cd07,
        type: 3}
      propertyPath: m_AnchorMax.y
      value: 0
      objectReference: {fileID: 0}
    - target: {fileID: 8096508888208786525, guid: 8a40954cbe8dbc14fb097cea52e4cd07,
        type: 3}
      propertyPath: m_Pivot.x
      value: 0
      objectReference: {fileID: 0}
    - target: {fileID: 8096508888208786525, guid: 8a40954cbe8dbc14fb097cea52e4cd07,
        type: 3}
      propertyPath: m_Pivot.y
      value: 0
      objectReference: {fileID: 0}
    - target: {fileID: 8096508888208786526, guid: 8a40954cbe8dbc14fb097cea52e4cd07,
        type: 3}
      propertyPath: m_Camera
      value: 
      objectReference: {fileID: 793794535}
    m_RemovedComponents: []
  m_SourcePrefab: {fileID: 100100000, guid: 8a40954cbe8dbc14fb097cea52e4cd07, type: 3}
--- !u!1001 &8319942323401613184
PrefabInstance:
  m_ObjectHideFlags: 0
  serializedVersion: 2
  m_Modification:
    m_TransformParent: {fileID: 0}
    m_Modifications:
    - target: {fileID: 1423356580, guid: ff980ad07fc175d4289410abbb0c4d0b, type: 3}
      propertyPath: Target
      value: 
      objectReference: {fileID: 11300125}
    - target: {fileID: 8319942322137722146, guid: ff980ad07fc175d4289410abbb0c4d0b,
        type: 3}
      propertyPath: m_Name
      value: Camera Holder
      objectReference: {fileID: 0}
    - target: {fileID: 8319942322137722147, guid: ff980ad07fc175d4289410abbb0c4d0b,
        type: 3}
      propertyPath: m_LocalPosition.x
      value: 0
      objectReference: {fileID: 0}
    - target: {fileID: 8319942322137722147, guid: ff980ad07fc175d4289410abbb0c4d0b,
        type: 3}
      propertyPath: m_LocalPosition.y
      value: 6.77
      objectReference: {fileID: 0}
    - target: {fileID: 8319942322137722147, guid: ff980ad07fc175d4289410abbb0c4d0b,
        type: 3}
      propertyPath: m_LocalPosition.z
      value: -37.76
      objectReference: {fileID: 0}
    - target: {fileID: 8319942322137722147, guid: ff980ad07fc175d4289410abbb0c4d0b,
        type: 3}
      propertyPath: m_LocalRotation.x
      value: 0.36263984
      objectReference: {fileID: 0}
    - target: {fileID: 8319942322137722147, guid: ff980ad07fc175d4289410abbb0c4d0b,
        type: 3}
      propertyPath: m_LocalRotation.y
      value: -0
      objectReference: {fileID: 0}
    - target: {fileID: 8319942322137722147, guid: ff980ad07fc175d4289410abbb0c4d0b,
        type: 3}
      propertyPath: m_LocalRotation.z
      value: -0
      objectReference: {fileID: 0}
    - target: {fileID: 8319942322137722147, guid: ff980ad07fc175d4289410abbb0c4d0b,
        type: 3}
      propertyPath: m_LocalRotation.w
      value: 0.9319294
      objectReference: {fileID: 0}
    - target: {fileID: 8319942322137722147, guid: ff980ad07fc175d4289410abbb0c4d0b,
        type: 3}
      propertyPath: m_RootOrder
      value: 0
      objectReference: {fileID: 0}
    - target: {fileID: 8319942322137722147, guid: ff980ad07fc175d4289410abbb0c4d0b,
        type: 3}
      propertyPath: m_LocalEulerAnglesHint.x
      value: 0
      objectReference: {fileID: 0}
    - target: {fileID: 8319942322137722147, guid: ff980ad07fc175d4289410abbb0c4d0b,
        type: 3}
      propertyPath: m_LocalEulerAnglesHint.y
      value: 0
      objectReference: {fileID: 0}
    - target: {fileID: 8319942322137722147, guid: ff980ad07fc175d4289410abbb0c4d0b,
        type: 3}
      propertyPath: m_LocalEulerAnglesHint.z
      value: 0
      objectReference: {fileID: 0}
    m_RemovedComponents: []
  m_SourcePrefab: {fileID: 100100000, guid: ff980ad07fc175d4289410abbb0c4d0b, type: 3}
